1639 2898
878 250 957 318 36⁸

812 329 1008 345 a—t-———--

290 373 370 439 um
405 390 734 454 philosophiae
767 392 976 458 partium
1006 396 1151 437 sensit
1183 380 1345 454 mag-is,
1380 413 1523 460 quam

287 474 549 531 perspexit,
584 483 763 527 neque,
800 464 1055 526 quamlibet
1090 469 1149 512 ad
1184 473 1326 514 vitam
1360 475 1521 519 mode-

284 544 481 591 randam
503 548 690 616 ⁸pariter
722 548 979 604 pertinere,
1039 544 1177 591 aliam
1210 558 1395 593 tantum
1430 551 1521 596 alio

284 622 445 675 modo,
489 626 598 665 satis
634 633 853 665 accurate
879 622 1132 667 intellexit.

380 700 513 743 Haec
545 712 659 763 vero
694 702 830 753 rati0,
865 714 957 758 qua
977 699 1157 744 Seneca
1192 705 1361 754 omnia,
1398 716 1521 761 quae

281 789 309 819 a
342 774 634 835 philosopho
668 771 915 818 tractanda
958 787 1124 830 essent,
1158 776 1219 821 ad
1250 782 1390 821 vitam
1425 778 1519 821 for·
1583 800 1587 803 «

279 851 503 896 mandam
523 852 773 903 revocavit,
795 851 1011 895 omnibus
1023 853 1230 913 reliquis,
1265 869 1385 914 quae
1407 855 1518 899 alie-

275 941 340 970 na
375 937 545 977 essent,
561 928 777 985 ,rejectiffi
812 936 1036 983 quantam
1065 932 1157 970 vim
1188 929 1267 971 illa
1298 929 1516 974 exhibue-

275 1004 337 1047 rit
379 1003 430 1045 in
473 999 783 1046 excolendam
836 1001 978 1059 ipsius
1031 1002 1406 1062 philosophiam,
1464 1017 1514 1049 et

273 1076 400 1120 hanc
445 1081 592 1138 ipsam
638 1076 843 1119 fucatam
887 1074 999 1118 inde
1042 1082 1236 1121 traxisse
1287 1068 1511 1133 colorem,

270 1157 463 1197 nemine
499 1151 787 1196 admonente
821 1151 984 1209 liquet.
1054 1153 1225 1210 Causas
1266 1154 1401 1215 hujus
1442 1161 1511 1199 rei

274 1231 312 1273 si
357 1228 645 1287 quaerimus,
694 1226 785 1269 hae
828 1226 1101 1286 ipsae.non
1142 1228 1325 1288 longius
1375 1246 1509 1292 repe-

271 1304 447 1349 tendae
481 1303 720 1354 videntur,
764 1306 799 1343 si
836 1307 1115 1360 cogitamus,
1161 1304 1388 1348 Senecam
1421 1307 1508 1349 ho-

266 1383 443 1424 minem
478 1377 618 1420 fuisse
650 1378 933 1427 Romanum,
974 1378 1104 1434 cujus
1138 1382 1289 1436 gentis
1322 1379 1507 1427 indoles

268 1470 294 1498 a
324 1456 450 1498 seriis
478 1454 628 1511 iisque
659 1451 1038 1509 contemplativis
1060 1452 1389 1514 philosophiae
1409 1469 1506 1509 stu-‚

265 1528 351 1574 diis
388 1529 565 1582 aliena,
616 1542 801 1586 semper
834 1538 882 1570 et
918 1527 1090 1586 ubique
1126 1534 1326 1574 maxime
1359 1537 1502 1577 vitam

263 1606 528 1666 spectabat,
573 1615 644 1656 et,
689 1606 724 1645 si
760 1601 873 1661 quid
908 1601 1063 1646 durius
1098 1602 1414 1662 pronunciare
1447 1608 1502 1652 li-

262 1693 361 1735 cet,
414 1684 556 1738 magis
593 1678 721 1738 quod
765 1693 849 1720 usu
894 1689 1037 1737 atque
1080 1680 1305 1734 utilitate,
1358 1686 1505 1741 quam'

261 1755 391 1816 quod
434 1755 662 1814 dignitate
705 1764 846 1812 atque
890 1754 1138 1798 nobilitate
1173 1770 1222 1799 se
1257 1771 1497 1802 commen-

259 1831 406 1885 daret,
436 1835 671 1891 respicere
696 1830 888 1875 solebat.
939 1830 1076 1888 Quae
1099 1834 1235 1885 ratio,
1271 1833 1495 1892 quavphi-
1552 1860 1560 1874 ψ

255 1905 475 1968 Iosophia
520 1906 644 1966 apud
684 1907 927 1949 Romanos
970 1917 1212 1966 nunquam
1254 1906 1367 1966 quid
1408 1911 1514 1954 nisi*

254 1986 379 2028 vitae
421 1980 696 2025 administra
737 1980 835 2024 fieri
877 1990 1088 2039 poterat,
1127 1985 1177 2024 si
1210 1983 1302 2038 jam
1337 1998 1362 2026 a
1396 1987 1490 2044 pri·
1530 2034 1533 2038 x

251 2063 342 2103 mis*
381 2057 492 2102 inde
536 2057 1094 2115 temporibus.Romanis
1137 2056 1487 2115 quodammodo

249 2139 389 2179 insita
425 2145 566 2193 atque
600 2129 763 2177 in'nata
799 2141 911 2184 erat,
955 2145 1012 2175 eo
1048 2135 1198 2176 minus
1226 2135 1391 2178 mirum
1422 2140 1486 2180 vi-

247 2210 348 2254 deri
380 2221 562 2271 potest,
615 2211 666 2252 in
699 2208 880 2252 Seneca
914 2218 1077 2251 nostro
1113 2207 1310 2253 eandem
1345 2222 1482 2271 praef·-

245 2287 465 2339 valuisse,
500 2289 579 2345 qui
601 2274 892 2345 temporibus
915 2275 1026 2326 v'ixit
1042 2272 1319 2329 immanibus
1340 2298 1482 2345 atque

244 2361 495 2415 dirissimis,
530 2362 695 2421 quibus
721 2365 845 2405 vitae
871 2358 1086 2404 adflictae
1113 2359 1269 2420 atque*
1288 2357 1478 2420 oppres-

240 2441 586 2491 sae‚1'servitute
619 2441 670 2481 in
694 2437 854 2481 locum
881 2438 1104 2495 pristinae
1129 2437 1357 2481 libertatis
1375 2454 1476 2483 suc-
