1639 2898
697 223 758 266 33

115 338 367 405 nekIueunt,
401 345 489 387 nisi
518 347 789 403 compositis
809 352 950 401 atque
972 336 1222 400 diligenter
1241 334 1341 383 col·

113 399 490 478 latis*omnibus,
540 434 660 478 quae
694 418 753 464 de
788 418 903 471 deo,
949 417 1008 461 de
1041 429 1231 469 natura,
1282 414 1344 460 de

114 495 212 540 fato
248 508 296 540 et
331 496 389 540 de
421 496 615 538 homine
649 478 853 551 disputat
887 506 1062 547 noster,
1095 495 1161 536 ita
1189 503 1241 535 ut
1270 490 1344 534 his

114 570 302 616 (lethum
336 570 558 627 expositis
592 569 742 625 prima
776 566 836 610 de
869 571 1094 626 sapientia
1128 569 1344 628 quaestio

112 640 381 695 illustretur,
400 652 449 700 et
476 635 595 700 quae
614 641 693 683 illa
713 641 771 683 sit
796 653 964 700 sponte
985 642 1173 700 liqueat.
1208 645 1345 698 ane-

113 717 352 764 monenda
387 732 496 761 vero
530 716 649 760 haec
682 716 798 760 mihi
832 716 1118 768 videbantur,
1153 729 1204 760 ut
1233 719 1345 762 inde

114 795 302 838 eluceat
334 803 435 837 tum
468 792 571 836 finis
606 807 782 845 eorum,
829 807 949 853 quae
984 786 1239 853 exposituti
1275 808 1349 836 su-

113 885 229 923 mus,
273 881 374 913 tum
409 874 598 929 quoque
631 881 683 913 ut
718 871 876 914 statim
910 871 968 913 ab
1004 871 1140 913 initio
1178 869 1349 913 intelli-

113 956 250 1004 gatur
283 951 441 997 nexiis,
462 946 542 1004 qui
577 955 647 989 est
673 933 960 989 'arctissimus
976 943 1116 989 “inter
1143 944 1349 990 ethicam

32 1015 40 1018 ’
104 1021 324 1065 Senecae
359 1033 407 1065 et
440 1025 563 1064 inter
597 1036 666 1074 ea,
690 1014 810 1080 quae
845 1020 905 1065 de
937 1022 1115 1079 reliqua
1137 1021 1348 1079 philoso-

112 1096 226 1156 phia
261 1089 532 1154 disputavit,
568 1109 674 1138 cum
708 1110 765 1138 ea
798 1095 896 1138 fere
929 1095 1117 1153 vulgata
1152 1099 1210 1137 sit
1246 1111 1350 1139 sen·-

112 1175 286 1223 tentia‚
328 1170 455 1212 hunc
489 1169 848 1229 philosophum,
891 1170 1118 1228 neglectis
1154 1176 1351 1216 caeteris

110 1244 440 1306 philosophiae
480 1245 703 1305 partibus,
745 1244 805 1288 ad
838 1245 987 1289 solam
1031 1250 1229 1290 activam
1272 1263 1350 1291 ex-

114 1320 366 1366 colendam
398 1321 679 1365 incubuisse.
723 1323 833 1366 Veri
868 1322 1057 1380 aliquid,
1092 1323 1220 1381 quod
1241 1339 1352 1368 mox

112 1396 383 1451 videbimus,
416 1399 539 1441 inest
569 1396 680 1440 huic
711 1395 899 1454 judicio,
934 1382 1350 1459 siquidem'philo-

116 1474 345 1534 s‘ophiam'
370 1474 567 1525 activam
603 1487 704 1516 eam
734 1486 832 1517 esse
858 1477 1088 1532 ponimus,
1124 1477 1254 1532 cujus
1281 1477 1348 1519 vis

113 1561 162 1594 et
204 1551 457 1595 auctotitas
502 1554 551 1591 in
594 1535 776 1607 agendo
821 1548 1115 1609 vivendoque
1160 1556 1348 1612 conspi-
1405 1567 1408 1570 ¹

113 1639 203 1668 cua
236 1624 329 1668 fiat.
406 1623 487 1667 Sin
520 1639 629 1668 vero
665 1623 866 1668 ethicam
909 1624 1004 1669 hoc
1048 1630 1242 1670 nomine
1288 1629 1347 1670 si—

114 1699 336 1759 gnificare
369 1699 539 1759 placet,
572 1697 695 1762 hanc
726 1714 825 1743 rem
848 1700 984 1743 aliter
1005 1715 1105 1744 esse
1134 1717 1234 1745 non
1266 1700 1353 1745 dif-

115 1775 240 1828 ficile
283 1779 371 1818 erit
413 1773 748 1838 demonstrare.
824 1771 1060 1820 Cohaeret
1103 1780 1228 1821 enim
1270 1778 1354 1825 illa

115 1861 214 1894 tam
248 1861 377 1894 arcte
418 1854 693 1911 praesertim
735 1865 841 1895 cum
881 1850 1238 1913 physiologicis,
1300 1864 1354 1898 ut

118 1937 240 1970 stare
283 1927 416 1971 nullo
451 1926 596 1971 modo
629 1932 800 1987 possit,
857 1931 946 1972 nisi
980 1929 1143 1973 ab.his
1179 1930 1352 1987 adjuta,

110 2014 228 2046 cum
256 2002 353 2053 fere
384 2007 578 2047 omnino
612 2004 818 2063 pendeat
848 2008 991 2057 exiis,
1026 2021 1145 2065 quae
1169 2005 1227 2050 de
1249 2006 1354 2059 deo,

120 2074 179 2119 de
213 2075 326 2128 fato,
356 2077 415 2122 de
450 2078 640 2132 mundo,
676 2091 724 2124 et
758 2078 817 2123 de
849 2079 1019 2123 horum
1054 2093 1196 2140 atque
1231 2085 1353 2124 simi·

118 2143 232 2194 lfiirn
266 2152 449 2197 ratione
485 2159 645 2198 statuit
678 2155 772 2200 illa.
840 2154 1069 2199 Senecam
1102 2172 1212 2199 vero
1248 2171 1350 2202 non

120 2226 255 2285 aliter
287 2224 347 2269 de
381 2242 431 2270 re
465 2235 708 2290 proposita
742 2228 990 2287 judicasse,
1042 2231 1180 2274 facile
1214 2231 1354 2275 intel-

118 2299 289 2360 ligitur.
355 2302 489 2353 Erras
524 2311 664 2362 enim,
697 2302 927 2367 dicit45)‚
961 2309 1000 2350 si
1032 2305 1161 2352 illam
1180 2306 1354 2369 (philo-

205 2395 272 2437 45)
296 2399 358 2438 hp.
380 2399 435 2432 95.
457 2407 492 2438 p.
515 2399 570 2433 59.

831 2451 911 2515 ὃς,
