1639 2898
898 381 988 421 114

322 504 439 545 mus,
472 495 565 550 jam
582 494 706 539 bene
730 501 968 558 perspexit
985 492 1429 548 Tennemannus1).
1464 490 1558 535 Sed

321 582 425 611 non
460 569 550 612 alia
585 570 748 614 aderat
780 588 872 616 vox
905 576 954 615 in
987 572 1146 630 lingua
1164 572 1345 622 Latina,
1366 583 1458 628 qua
1487 569 1558 610 uti

321 647 555 703 potuisset
590 646 756 691 Cicero
799 646 859 692 ad
894 646 1231 708 designandum
1266 646 1559 689 Graecorum

322 727 531 778 καθῆκον.
597 722 726 781 Quid
770 728 895 768 enim
938 711 1264 784 significaverit
1305 720 1396 763 hac
1439 732 1559 762 voce

320 796 474 855 probe
516 796 770 845 declaravit
795 799 860 854 ²),
911 799 1117 845 officium
1159 798 1317 842 dicens
1352 794 1559 839 medium

321 872 564 930 quoddam
598 891 711 929 esse,
754 876 883 936 quod
915 891 1070 935 neque
1104 880 1153 918 in
1187 874 1322 917 bonis
1355 881 1563 932 ponatur

320 960 480 1007 neque
530 954 580 994 in
622 953 881 997 contrariis.
962 954 1128 1012 Itaque
1170 950 1418 1008 καθήκοντα
1461 950 1561 990 sine

324 1021 469 1068 dubio
504 1026 620 1070 nihil
655 1039 790 1072 erant
824 1032 911 1072 nisi
939 1028 1063 1072 facta
1083 1028 1212 1070 licita
1230 1021 1293 1080 ³),
1327 1038 1448 1090 quae
1470 1023 1557 1067 sci-

321 1096 434 1144 licet
470 1100 759 1158 bona‘fiant,
793 1109 828 1149 si
858 1103 1054 1149 accedat
1076 1103 1315 1155 honestas,
1349 1105 1448 1145 sine
1467 1113 1561 1158 qua

322 1188 433 1220 vere
478 1183 571 1222 sint
616 1179 895 1242 adiaphora,
948 1191 1029 1225 aut
1071 1179 1194 1224 mala
1237 1182 1274 1222 si
1319 1193 1376 1245 εξ(
1418 1177 1562 1220 animi

321 1256 630 1310 perversitate
665 1271 720 1299 ac
762 1261 1072 1315 perceptione
1109 1256 1230 1298 mala
1263 1253 1562 1312 proficiscan-

321 1335 403 1368 tur·
416 1327 481 1380 ⁴).
538 1329 685 1373 Plane
717 1331 860 1388 igitur
892 1328 1182 1388 respondent
1215 1328 1352 1371 rebus
1386 1326 1566 1379 mediis,

320 1414 447 1459 quae
481 1402 714 1461 optabiles
748 1415 869 1456 sunt,
904 1414 986 1446 aut
1022 1417 1127 1446 vere
1161 1402 1345 1446 mediae
1379 1413 1460 1445 aut
1493 1402 1563 1445 fu-

321 1475 535 1534 giendae.
573 1478 890 1539 Consequitur
920 1479 1000 1523 illa
1035 1473 1317 1536 κὰθηκόντων
1348 1481 1483 1529 notio
1506 1493 1566 1522 ex
1636 1520 1639 1524 .

324 1565 398 1604 eo,
434 1552 563 1612 quod
591 1555 737 1599 Stoici
771 1570 925 1599 rursus
954 1553 1306 1613 distinguebant
1332 1558 1455 1598 inter
1483 1575 1562 1600 κα-

314 1618 523 1686 Χνθῆκοντοι
549 1637 687 1678 τέλεια
715 1633 1035 1691 οῖ’κωθήκοντα
1062 1638 1185 1691 μέσα,
1215 1646 1414 1689 quorum
1434 1632 1561 1690 Prio-

323 1718 375 1747 ra
412 1718 489 1748 eas
524 1710 736 1751 actiones
755 1707 1032 1767 designant,
1055 1721 1177 1766 quae
1199 1721 1335 1750 sensu
1355 1706 1562 1750 honesto
1628 1752 1630 1754 ,

324 1779 586 1825 accedente
606 1782 761 1827 bonae
779 1783 908 1836 fiant,
920 1786 1179 1842 posteriora
1190 1797 1281 1826 nec
1290 1784 1444 1825 bonae
1456 1783 1564 1835 sint,

324 1869 416 1899 nec
438 1858 603 1911 malae,
622 1857 705 1902 sed
728 1858 909 1904 mediae
926 1855 989 1914 ς).
1023 1861 1175 1917 Magis
1199 1873 1309 1902 vero
1335 1858 1561 1918 probatur

325 1942 490 1974 nostra
532 1938 767 1979 sententia
813 1949 896 1990 eo,
957 1933 1088 1997 quod
1128 1945 1375 1995 praeterea
1416 1936 1561 1978 etiam
1620 1961 1625 1969 ι

323 2029 718 2050 m·-

438 2077 484 2119 1)
508 2079 631 2112 Gesch.
656 2080 689 2114 d.
713 2080 798 2113 Phil.
822 2081 927 2114 Ton-
951 2081 1013 2115 lv.
1035 2091 1071 2123 p-
1092 2082 1150 2118 92·

431 2134 477 2173 2)
500 2133 569 2168 Cic.
593 2135 633 2166 de
657 2133 714 2168 fin.
739 2134 794 2167 111.
820 2136 872 2169 17.

433 2185 480 2227 3)
505 2188 598 2222 Stob.
625 2189 684 2220 ecl.
711 2189 751 2219 ll.
778 2200 812 2231 P·
839 2190 912 2223 158.

433 2240 477 2283 d)
504 2243 574 2275 Cic.
600 2244 641 2276 de
664 2242 722 2276 fin.
748 2244 806 2276 111.
831 2244 882 2277 17.
905 2259 949 2267 -
981 2243 1033 2275 De
1055 2241 1126 2275 offi.
1147 2243 1174 2279 1.
1196 2245 1229 2276 3.
1250 2259 1294 2268 -—-
1328 2243 1427 2287 Πίος.
1449 2243 1560 2280 hart.

500 2297 573 2330 Vll.
601 2300 674 2333 107.
699 2315 741 2322 —
786 2298 865 2329 Inde
889 2297 1064 2340 explicatur
1085 2299 1191 2335 etiam,
1216 2299 1390 2340 quomodo
1414 2299 1560 2331 Laenius

499 2351 667 2390 (Vll.>109
683 2351 696 2391 )
719 2349 912 2393 καθήκοντα
932 2351 1121 2385 distribuere
1134 2353 1277 2396 potuerit
1295 2353 1330 2384 in
1351 2348 1563 2395 aspectuum?

498 2411 553 2439 καὶ
574 2404 647 2439 ἄνευ
668 2406 893 2452 περιστάσεως.

430 2461 475 2502 5)
499 2461 594 2495 3201».
618 2462 678 2496 ecl.
701 2462 744 2497 11.
766 2473 800 2506 p.
826 2463 900 2498 158.
927 2478 973 2489 —
1015 2460 1087 2499 cic.
1109 2461 1151 2496 de
1172 2459 1232 2496 fin.
1254 2460 1314 2498 111.
1338 2462 1391 2498 17.
1419 2474 1465 2487 --
1507 2458 1561 2493 De

496 2515 587 2552 offic.
609 2516 637 2552 Ι.
657 2519 692 2552 3.
