1639 2898
951 314 1010 361 78

308 458 313 466 ,
363 443 465 485 tum
502 433 619 477 nihil
656 430 789 477 aliud
820 443 1001 485 essent,
1052 436 1148 487 nisi
1183 433 1363 481 divinus
1406 400 1594 497 spiritus

359 515 461 570 ipse
495 520 564 554 et
561 512 678 563 aer,
704 508 870 569 quibus
899 493 1083 554 duobus
1100 509 1249 555 Stoici
1276 517 1479 558 animum
1505 513 1593 558 hu·

357 599 551 631 manum
588 597 815 630 constare
840 584 1057 629 dixerunt
1082 582 1176 641 84),
1212 598 1292 631 aut
1324 589 1445 647 ignis
1479 589 1592 634 divi-⁶

354 677 459 716 nus,
503 663 583 722 qui
617 673 726 723 post
761 660 986 706 mundam
1021 673 1235 708 exustum
1271 673 1319 708 et
1354 676 1465 724 post
1497 665 1591 709 ele-

352 749 517 792 menta
553 728 799 783 consumta
834 738 959 782 solus
992 751 1237 791 remaneat,
1260 734 1349 792 8⁵).
1425 741 1486 784 Et
1520 751 1593 784 est

352 813 584 867 fortassis,
636 810 923 874 quodvhanc
957 806 1238 861 sententiam
1274 814 1590 875 adscribgmus

336 880 564 938 'Senecae
597 878 740 935 veluti
774 894 1014 949 proprium
1048 890 1237 949 aliquid,
1279 906 1400 945 cum,
1433 903 1487 937 ut
1519 896 1590 935 in-

349 965 421 1010 fra
455 964 725 1017 videbimus,
769 964 888 1008 haec
924 966 1105 1025 optime
1139 969 1391 1011 conveniat
1426 962 1589 1012 Stoico

348 1042 419 1085 illi
452 1041 646 1102 placito,
689 1057 782 1101 quo
818 1042 1027 1085 animum
1059 1040 1318 1086 humanum
1353 1041 1428 1087 dei
1463 1047 1587 1087 simi-

347 1116 600 1162 litudinem
634 1129 798 1179 petere
834 1116 1004 1162 debere
1038 1129 1246 1177 ponunt,
1296 1106 1428 1176 cffjus
1462 1134 1586 1165 sum..

347 1208 452 1238 mus
485 1193 653 1254 gradus
687 1204 758 1238 est
791 1193 933 1253 plane
969 1196 1191 1254 conjungi
1225 1209 1333 1238 cum
1367 1194 1473 1249 deo,
1516 1206 1585 1240 at-

351 1285 445 1330 que
468 1270 599 1313 nulla
624 1272 676 1313 in
691 1269 932 1314 redistare
951 1270 1008 1313 ab
1027 1273 1144 1328 ipso.
1179 1269 1406 1315 Senecam
1425 1282 1585 1315 autem

344 1360 409 1389 re.
447 1361 556 1389 vera
606 1347 836 1403 cogitasse
889 1343 949 1389 de
998 1347 1337 1401 conjunctione
1383 1344 1627 1405 quadam<

344 1420 537 1464 arctiori
572 1434 679 1462 cum
712 1422 926 1471 numine,
975 1418 1181 1477 probant
1214 1420 1478 1479 loci‘supra
1516 1422 1582 1464 al-

343 1495 430 1540 lati
465 1506 513 1539 et
546 1498 718 1554 passim
753 1505 1045 1546 occurentes,
1090 1494 1256 1553 quibus
1293 1494 1351 1539 de
1387 1511 1581 1540 consor-

342 1575 434 1615 tio
451 1586 558 1614 cum
595 1569 679 1613 diis
714 1570 936 1639 loquitur,
969 1570 1019 1613 in
1053 1568 1183 1629 quod
1217 1575 1360 1615 animi
1393 1575 1581 1631 piorum

340 1658 454 1718 post
487 1658 689 1690 mortem
722 1644 982 1705 recipiendi
1016 1649 1121 1689 sint.
1154 1647 1346 1704 Legitur
1372 1662 1481 1690 vero
1510 1648 1583 1690 lo—

342 1737 430 1766 cus
457 1726 566 1766 satis
601 1721 915 1765 memorabilis
940 1714 1030 1774 8⁶),
1065 1736 1159 1780 quo
1195 1720 1383 1768 dicitur:
1436 1724 1580 1776 Mors,

341 1813 483 1857 quam
515 1800 887 1858 pertimescimus
918 1807 965 1840 et
994 1811 1275 1850 recusamus,
1308 1799 1579 1841 intermittit

291 1908 293 1911 .
339 1877 497 1925 vitam,
530 1888 631 1916 non
665 1876 815 1932 eripit.
882 1874 1054 1920 Veniet
1088 1875 1257 1915 iterum
1292 1874 1372 1931 qui
1404 1888 1493 1916 nos
1527 1876 1580 1916 in

321 1934 499 1992 *lucem
537 1959 737 2007 reponat
773 1946 893 2000 dieS‚
948 1936 1087 2006 quem
1124 1948 1259 1991 multi
1292 1958 1576 2001 recusarent,

337 2027 429 2068 nisi
476 2022 652 2067 oblitos
694 2022 954 2066 reduceret.
1021 2020 1115 2082 Sed
1167 2032 1332 2081 postea
1377 2021 1575 2077 docebo,

336 2101 670 2164 omniamquae
697 2097 914 2141 videntur
941 2096 1107 2156 perir'e,
1141 2098 1321 2150 mutari,
1356 2109 1445 2142 etc.
1480 2101 1574 2143 Re-

339 2176 693 2219 surrectionem'
714 2174 977 2218 animarum
1011 2183 1091 2215 aut
1126 2172 1290 2224 saltem
1323 2178 1573 2218 transitum

336 2255 388 2294 in
430 2265 555 2303 nova
599 2263 801 2310 corpora
842 2263 944 2292 non
979 2247 1153 2292 -leviter
1200 2250 1356 2293 innuit
1396 2248 1574 2304 noster,

423 2382 954 2429 84)Diog.122·;rt.V11.156.
1073 2411 1075 2415 ,

334 2457 358 2483 q.
422 2441 489 2483 85)
511 2442 563 2474 Cf.
588 2442 794 2477 Tiedemann
816 2441 903 2483 syn.
928 2439 1029 2476 Tom
1051 2441 1094 2475 11
1116 2451 1151 2484 p.
1171 2442 1226 2478 99
1249 2451 1293 2479 ει

421 2494 488 2537 86>
511 2497 588 2533 Sen
612 2494 901 2539 ep.36.p.113.
