1639 2898
942 288 1003 330 66

873 340 1070 357 α--ῄ

357 415 542 450 tantum
577 403 796 458 amicitia,
828 406 973 448 immo
1007 396 1353 451 necessitudine
1387 414 1434 450 et
1462 402 1588 449 'simi-

354 479 555 525 litudine
590 479 681 525 deo
715 481 983 538 conjuncti,
1025 495 1126 524 non
1158 480 1246 524 nisi
1279 491 1494 542 tempore
1527 480 1587 525 ab

308 589 311 592 -
353 556 440 600 illo
460 555 690 610 differant,
724 551 940 616 discipuli
967 558 1079 614 ejus,
1112 556 1423 606 aemulatores
1444 568 1588 617 atque

353 644 493 676 vera
525 633 848 692 progenies
866 627 960 688 ³⁶).
1012 622 1293 686 Vividiorem
1310 647 1421 676 vero
1439 646 1589 691 quen·

296 697 304 705 ’
348 705 461 753 dam
481 710 709 768 impetum
721 701 890 768 capere
899 708 1245 768 philosophiam
1258 707 1483 751 moralem
1502 707 1590 751 tali

348 781 664 830 fundamento
699 784 863 837 nisam,
897 799 1037 843 quam
1072 787 1147 827 cui
1181 783 1470 828 substruatur
1504 781 1585 827 de-·

348 873 419 911 us,
453 863 533 917 qui
566 859 665 903 fere
698 857 759 902 ad
791 858 932 902 solius
965 859 1079 916 legis
1113 854 1353 903 rationalis
1387 857 1586 918 dignita·

348 943 447 977 tem
482 943 532 977 et
557 936 867 977 reverentiam
895 943 1163 987 revocatus,
1198 944 1279 977 aut
1311 935 1469 993 potius
1504 933 1585 978 de-

347 1019 502 1052 trusus
535 1011 702 1066 jaceat,
746 1013 958 1053 omnium
991 999 1261 1069 temporum
1294 1012 1586 1069 experientia

346 1082 506 1128 docet.

342 1151 343 1156 ¹
476 1161 609 1205 Haec
643 1163 802 1204 omnia
834 1173 945 1204 vero
990 1174 1097 1204 cum
1129 1163 1311 1204 rationi
1344 1161 1469 1204 inter
1502 1158 1583 1203 de-

346 1228 430 1279 um
463 1245 512 1278 et
544 1245 761 1278 naturam
792 1234 1118 1287 intercedenti,
1153 1250 1211 1278 ex
1232 1250 1286 1280 ea
1308 1246 1455 1294 parte,
1490 1233 1605 1294 qua‘

345 1311 416 1355 illi
449 1314 464 1353 i
529 1325 587 1352 m·
608 1321 740 1362 sunt,
789 1309 945 1352 lucem
980 1324 1110 1353 suam
1143 1309 1377 1363 adferant,
1420 1294 1595 1364 simul,n

345 1373 459 1444 quid
510 1395 639 1427 atum
672 1383 812 1427 fuerit
845 1382 1013 1426 Stoicis
1048 1394 1097 1427 et
1131 1383 1362 1437 Senecae,
1411 1385 1580 1429 obscu-

342 1474 448 1503 rum
483 1473 584 1503 esse
617 1472 718 1501 non
753 1459 925 1501 sinunt.
961 1457 1144 1516 Sponte
1177 1461 1303 1502 enim
1337 1458 1447 1504 inde
1482 1458 1582 1503 effi-

342 1538 479 1587 citur,
513 1534 704 1579 fatalem
731 1536 823 1576 vim
849 1548 950 1576 non
977 1548 1076 1576 esse
1102 1535 1296 1577 rationis
1324 1546 1579 1594 expertem,

342 1624 505 1654 verum
538 1622 639 1652 non
673 1607 900 1652 diversam
942 1609 1001 1650 ·ab
1036 1611 1138 1667 ipso
1173 1610 1390 1662 numine,
1449 1608 1580 1671 quod

341 1685 495 1745 ipsum
522 1688 765 1736 communi
800 1698 1034 1727 consensu
1067 1683 1349 1728 confirmant
1379 1696 1426 1728 et
1454 1685 1577 1730 Stoi-

342 1764 386 1803 ci
404 1755 421 1787 3
435 1756 494 1813 ⁷),
519 1771 566 1803 et
583 1759 763 1805 Seneca
780 1753 797 1784 ³
812 1754 870 1811 ⁸).
903 1760 985 1802 Est-
1002 1748 1163 1827 tamen
1181 1758 1310 1818 quod
1326 1763 1488 1819 paucis
1507 1759 1576 1804 di-

340 1846 580 1894 sputemus
600 1834 659 1879 de
678 1839 877 1887 ratione,
896 1848 1036 1893 quam
1053 1834 1311 1878 obtinuisse
1329 1836 1577 1880 verisimile

338 1921 411 1953 est
455 1923 514 1952 ex
553 1909 825 1960 Stoicorum
863 1910 1106 1953 sententiis
1149 1895 1273 1952 inter
1305 1913 1446 1963 'varia
1494 1910 1576 1966 illa

336 1988 558 2037 nomina,
602 1998 708 2028 cum
742 1982 932 2043 quidem
966 1972 1177 2046 constet,
1221 1999 1481 2042 synonyma
1515 1990 1574 2030 si-

336 2060 547 2118 gnificari
581 2060 775 2104 vocibus
809 2058 936 2111 deus,
970 2065 1149 2111 natura,
1182 2058 1476 2118 providentia
1506 2058 1572 2105 fa-

335 2145 453 2188 tum,
485 2139 622 2187 ratio,
655 2131 855 2180 mundus
866 2165 879 2187 ,
920 2148 1019 2176 non
1051 2143 1211 2178 tamen
1244 2139 1323 2188 ita,
1355 2147 1410 2179 ut
1440 2133 1573 2199 nulla

333 2197 479 2269 plane
513 2206 572 2253 sit
606 2207 958 2264 dissimilitudo,
1000 2208 1127 2268 quod
1158 2225 1260 2253 non
1291 2211 1418 2265 licet,
1462 2215 1571 2270 quia

1350 2288 1357 2307 l

418 2348 483 2387 36)
509 2349 586 2380 Sen.
611 2349 651 2379 de
673 2346 801 2390 provini.
827 2350 856 2381 1
879 2359 914 2389 p.
938 2346 1013 2381 227

416 2397 1186 2444 37)Diog.La·‹÷n.V11.134.--Stob.‹cl
1210 2401 1237 2435 1.
1254 2411 1287 2445 p.
1299 2399 1374 2435 160

416 2454 484 2494 38)
509 2456 584 2489 Sen-
608 2455 686 2491 Nn
711 2456 843 2498 Quaen.
867 2456 910 2487 ll
930 2453 986 2487 [15.
