1639 2898
692 201 756 263 19'
1131 180 1153 210 ς’

81 332 350 391 'Videamus
384 334 624 397 quomodo
657 340 783 382 inter
816 351 865 381 se
899 333 1074 380 distent
1107 338 1193 386 via,
1236 346 1330 394 qua

101 412 167 465 ad⁴
203 413 375 474 aliquid
418 418 749 474 perveniamUS,
800 424 845 458 et
880 427 1018 457 causa
1062 426 1148 471 per
1192 417 1333 463 quam

41 476 45 481 ¹
100 489 297 548 aliquid
309 489 567 533 effiiciatur.
648 474 885 532 Facillime
918 504 1027 533 vero
1062 487 1182 531 haec
1218 498 1334 528 con-

102 570 352 616 sociantur
437 562 482 605 Si
527 566 652 606 enim
695 561 899 619 aliquid
911 567 1203 622 propositum
1233 570 1332 613 est,

99 645 174 683 cui
212 632 515 695 adsequendo
552 651 746 694 operam
781 634 967 689 damus,
1016 640 1158 690 viam,
1210 650 1332 697 quae

103 714 171 758 ad
197 711 313 756 illud
347 710 513 765 ducat,
547 711 827 773 simulatque
861 711 939 755 illa
973 715 1156 755 ineatur
1191 724 1333 771 atque

97 788 336 847 ⁴catjpatu'n
372 787 469 832 fieri
504 787 564 842 id,
598 801 683 848 per
710 785 846 847 quod
880 802 934 831 ea
969 802 1041 830 res
1076 801 1196 846 quae
1226 802 1336 846 pro-

102 869 258 924 posita
293 868 364 916 sit,
386 875 565 927 *nostra
602 864 695 917 fiat,
737 880 837 907 non
872 862 1061 907 difficile
1095 875 1164 907 est
1199 863 1338 906 intel-

98 938 258 999 ligere.
308 937 423 983 Inde
457 955 565 984 vero
601 939 761 999 liquet,
795 929 1140 1000 philosophiam
1178 953 1235 983 ex
1271 938 1337 983 al-

99 1026 202 1069 tera
247 1027 378 1075 parte
422 1031 521 1060 esse
564 1012 706 1068 viam',
758 1030 816 1058 ex
860 1016 1006 1058 altera
1040 1031 1149 1059 vero
1187 1014 1339 1073 perfe-

84 1092 314 1134 ctionem
345 1091 475 1147 quasi
504 1100 551 1132 et
580 1092 983 1148 percursationem
1009 1088 1218 1145 ejusdem
1237 1093 1339 1134 viae

106 1166 205 1220 (ire
240 1162 416 1216 viam),
481 1149 591 1222 qua>
614 1161 674 1206 ad
709 1165 992 1222 ‘sapientiam
1027 1168 1340 1223 perveniatur.

104 1242 250 1299 Igitur
293 1237 491 1283 eandem
535 1241 768 1283 rationem
801 1238 1096 1284 intercedere
1131 1239 1340 1285 videmus
1372 1262 1375 1267 »

105 1319 230 1359 inter
271 1314 357 1358 hos
403 1313 518 1358 duos
563 1314 752 1368 modos,
804 1330 943 1374 quam
979 1319 1101 1360 inter
1134 1316 1235 1366 illas
1269 1331 1341 1360 sa·

105 1393 316 1453 pientiae
357 1390 653 1436 definitiones
697 1392 908 1436 obtinere
950 1390 1206 1437 docuimus.
1255 1387 1341 1438 Ei

110 1473 255 1521 enim,
307 1472 382 1512 cui
425 1471 651 1527 sapientia
692 1482 811 1511 esse
834 1467 1014 1511 videtur
1049 1469 1225 1512 bonum
1259 1484 1339 1514 ex-

107 1529 540 1603 ternumpalinquod,
590 1542 887 1602 philosophia
923 1554 993 1587 est
1027 1548 1097 1587 via
1133 1543 1190 1588 ad
1227 1559 1338 1588 ean-

111 1618 234 1669 dem.
319 1618 412 1674 Qui
453 1631 562 1660 vero
600 1617 734 1659 simul
768 1618 833 1662 illi
867 1618 996 1662 bono
1032 1618 1337 1678 adsequendo

112 1707 303 1752 operam
338 1692 579 1751 impendit,
623 1709 707 1752 per
741 1692 834 1737 hoc
868 1695 1018 1753 ipsum
1055 1696 1185 1738 illam
1218 1700 1342 1739 viam
1404 1721 1409 1724 -

110 1771 210 1820 init,
232 1778 293 1818 „et
325 1766 435 1809 huic
470 1782 529 1825 ea<
559 1769 744 1810 ratione
778 1768 1079 1830 philosophia
1113 1770 1236 1814 facta
1272 1781 1343 1815 est

110 1841 183 1896 id,
236 1857 320 1901 per
354 1842 482 1902 quod
519 1847 796 1903 sapientiam
830 1846 914 1888 sibi
947 1846 1166 1900 vindicat,
1200 1858 1343 1906 atque

110 1922 352 1978 proprium
398 1922 465 1962 sui
509 1923 649 1978 ipsius
690 1921 833 1964 animi
877 1920 1001 1966 facit.
1043 1965 1046 1967 ,
1084 1925 1190 1967 Hoc
1232 1939 1341 1968 vero

113 1992 363 2037 discrimen
397 2001 464 2038 ex'
489 1998 612 2038 varia
646 1994 973 2056 philosophiae
1008 2009 1054 2041 et
1085 2000 1343 2059 sapientiae

115 2070 518 2128 contemplatione
563 2082 739 2126 ortum,
790 2088 897 2115 cum
939 2073 1054 2118 nihil
1095 2076 1145 2119 in
1180 2091 1227 2119 se
1260 2075 1341 2117 ha-

113 2146 245 2196 beat,
296 2144 708 2204 quodxobscurum
741 2146 962 2202 videatur,
1004 2160 1164 2193 tamen
1199 2153 1343 2208 magis

113 2220 388 2278 intelligitiir
431 2236 457 2264 e
502 2223 681 2268 Seneca
722 2225 864 2282 ipsius
909 2224 1079 2267 verbis:
1132 2224 1344 2268 Philoso-

114 2295 224 2357 phia
261 2299 521 2353 sapientiae·
551 2313 684 2344 amor
717 2309 787 2343 est
811 2294 872 2354 ⁸).
917 2298 1181 2357 ‘Quomodo
1210 2297 1345 2347 ‚enirn

185 2389 231 2428 ε)
262 2390 324 2433 Ep.
351 2390 403 2425 89.
426 2400 461 2432 p.
483 2378 559 2423 3⁶6.
614 2388 634 2394 ‘
