1639 2898
0 0 346 162 Γ,
411 0 417 2 f

0 163 8 199 ἓ

635 303 723 347 119

579 358 775 372 Φ--α-Ο

67 423 238 473 dinem,
267 431 373 476 qua
403 417 535 461 nullo
564 417 869 464 incommodo
900 418 1135 478 nullisque
1166 419 1287 476 peri-

67 480 182 546 culis
217 494 534 538 deterreamur
568 510 593 537 a
626 507 783 548 recto,
827 507 871 537 et
911 511 967 537 ne
1005 507 1152 538 morte
1189 498 1289 553 qui-

65 573 171 617 dem
214 580 457 629 proposita
500 569 559 613 ad
600 572 772 614 malum
818 569 1002 613 deflecti
1046 574 1289 628 patiamur,

61 661 181 708 quae
216 645 350 688 simul
385 646 651 689 Stoicomm
686 650 835 705 α’νὸριά
873 659 942 688 est
966 644 1065 700 2<)>;
1119 646 1291 702 ubique

58 719 249 767 tandem
284 719 445 764 laudat
477 722 701 779 justitiam
730 737 860 766 suum
891 726 1059 780 cuique
1082 722 1290 763 tribuen-

57 809 152 841 tem
173 795 522 857 humanamque
539 810 753 841 naturam
775 803 823 842 in
842 798 1049 857 quolibet
1074 813 1289 841 reveren-

57 884 168 924 tem,
201 886 322 931 quae
357 872 526 916 Stoicis
562 885 725 933 quarta
759 885 829 917 est
861 871 1111 916 virtus²¹'‘·.
1158 874 1289 927 0122·-

53 944 343 993 mod0·vero
379 962 436 992 ex
471 961 694 1008 quattuor
726 950 814 994 illis
847 949 1091 993 virtutibus
1127 963 1292 992 omnes

54 1023 263 1082 reliquae
298 1023 494 1068 derivari
528 1030 731 1084 possint,
784 1041 883 1069 non
926 1038 994 1068 est
1030 1025 1163 1081 hujus
1199 1025 1290 1067 di>-

54 1099 314 1158 putationis
344 1098 683 1145 demonstrare.
744 1100 797 1144 Id
824 1112 1007 1143 tantum
1031 1095 1123 1151 est,
1159 1100 1289 1159 quod.

54 1174 583 1227 moneamuS,Senecam
601 1191 687 1234 pro
707 1190 762 1219 ea
779 1180 975 1226 ratione,
990 1190 1079 1233 qua
1103 1191 1288 1227 nexum,

52 1246 297 1292 hominum
320 1259 367 1292 et
388 1250 590 1292 universi
608 1254 748 1293 vitam
769 1252 1136 1308 conjungentem
1159 1266 1288 1292 corn-

53 1325 183 1367 muni
217 1325 389 1367 amoris
422 1325 624 1376 vinculo,
670 1329 827 1367 animo
865 1326 949 1367 sibi
985 1330 1285 1383 cogitaverat,

51 1402 316 1443 necessario
368 1413 427 1442 eo
482 1397 738 1442 adductum
792 1399 952 1451 fuisse,
1010 1412 1060 1442 ut
1111 1402 1284 1460 ubique

52 1488 261 1518 amorem
297 1488 407 1532 erga
440 1474 646 1532 reliquos
680 1475 948 1532 praevalere
966 1476 1122 1528 vellet,
1156 1477 1286 1535 quod

53 1564 190 1608 supra
223 1549 507 1595 luculentius
543 1550 808 1608 expositum
843 1560 927 1593 est.
966 1570 974 1581 ·

161 1625 328 1669 Liceat
362 1622 475 1677 mihi
507 1627 556 1667 in
590 1623 682 1668 fine
716 1626 864 1669 verbo·
894 1629 1185 1670 mentionem
1220 1627 1286 1672 fa-

51 1714 158 1746 cere
191 1701 313 1745 illius
347 1699 676 1760 philosophiae
709 1705 867 1759 partis,
902 1718 1040 1760 quam
1077 1725 1286 1761 παραινε-

50 1779 173 1834 wamia)
211 1776 395 1829 Graeci,
427 1777 584 1819 Latini
616 1781 962 1836 praeceptivam
996 1791 1192 1832 vocant,
1238 1790 1290 1824 et

55 1851 165 1909 quid
208 1851 267 1896 de
297 1852 389 1896 hac
423 1851 570 1896 Stoici
605 1862 653 1896 et
687 1851 865 1896 Seneca
900 1859 1153 1907 senserint,
1205 1870 1285 1901 ex-

54 1936 243 1984 ponere.
316 1927 473 1971 Aristo
509 1927 691 1971 Stoicus
728 1940 774 1972 et
803 1929 1071 1983 Cleanthes,
1105 1931 1287 1975 Seneca

54 1996 152 2059 ipso
194 2002 445 2058 teste22),
497 2002 621 2047 hanc
662 2014 845 2063 partem
888 2006 1051 2049 utilem
1095 2005 1285 2065 quidem

55 2076 337 2133 judicarunt,
389 2077 471 2123 sed
503 2080 811 2132 imbecillam,
853 2085 940 2124 nisi
975 2081 1032 2123 ab
1067 2087 1283 2126 universo

55 2152 269 2209 profluat,
287 2165 348 2209 et,
367 2157 404 2199 si
439 2169 544 2199 cum
577 2155 657 2199 illa
692 2156 837 2200 altera
871 2168 1005 2215 parte
1042 2172 1284 2217 compare-

55 2232 139 2280 tur,
171 2230 707 2290 paenenegligendam,
740 2246 848 2275 cum
882 2247 909 2276 e
944 2224 1285 2278 constitutione

56 2297 242 2316 ’ξή-

138 2331 206 2375 20)
229 2334 324 2369 Stob·
347 2334 406 2367 ecl.
432 2335 474 2369 ΙΙ.
497 2347 530 2379 p.
556 2337 627 2368 102,
650 2351 693 2360 —
736 2335 805 2371 Cic.
829 2335 869 2369 de
891 2334 949 2369 fin.
974 2336 1032 2371 111.
1056 2340 1089 2371 8.

137 2386 203 2425 21)
227 2389 321 2423 εισι».
345 2389 404 2423 ecl.
427 2390 470 2421 11.
494 2401 530 2433 p.
553 2393 628 2426 102.
650 2397 682 2422 a
706 2392 780 2423 108.

138 2437 204 2479 22)
226 2442 288 2485 Ep.
308 2441 365 2481 94.
386 2442 456 2479 init.
