1639 2898
126 455 136 462 ”
187 480 193 483 “
237 461 477 507 rationalis
519 460 660 520 plane
701 458 921 517 neglecta
961 460 1176 519 jacebat,
1193 458 1314 503 'non
1347 463 1496 507 idem
1542 491 1545 493 -

181 543 207 585 ,’
237 535 461 582 accidisse
493 534 702 580 videmus
735 535 960 588 naturali,
1004 550 1111 579 cum
1145 550 1260 595 qua,
1287 547 1347 579 ut
1378 540 1472 594 jam

831 269 892 309 44

346 385 416 432 Si
449 399 558 431 vero
594 379 719 442 apud
747 381 974 431 Senecam
1008 379 1339 444 philosophiae
1367 352 1471 447 pars
1501 419 1531 445 f

235 628 374 673 supra
402 616 651 665 innuimus,
686 615 886 656 arctiore
906 611 1095 656 vinculo
1116 611 1374 657 cohaerent
1403 628 1470 668 ea,

234 704 355 750 quae
389 693 439 732 in
473 689 627 733 ethica
662 688 729 731 illi
759 688 1026 748 placebant.
1061 690 1147 733 Illa
1165 693 1288 733 enim
1310 689 1469 748 quam-

232 767 299 809 vis
345 780 445 809 non
488 764 569 808 det
610 765 734 808 vitae
768 775 1044 824 praecepta,
1097 769 1257 809 tamen
1293 762 1469 809 medio-

232 846 376 885 criter
410 840 467 884 de
501 840 572 883 his
606 840 744 883 rebus
753 844 992 909 cogitans
1026 855 1126 882 non
1154 851 1343 898 poterat
1370 854 1470 884 non

229 917 517 978 intelligere,
562 904 617 959 ea
652 916 835 968 omnia,
878 928 999 973 quae
1033 914 1334 974 philosophia
1369 932 1468 959 mo-

227 992 336 1034 ralis
369 1001 545 1034 statuat
580 1001 722 1048 atque
757 991 1030 1052 praecipiat,
1065 1004 1165 1032 esse
1185 988 1468 1035 debilissima

228 1079 370 1126 atque
404 1082 545 1120 vana,
603 1067 693 1110 nisi
726 1064 1042 1109 fundamentis
1076 1065 1279 1125 physicis
1299 1070 1467 1128 ¹nitan-

225 1155 315 1188 tur.
381 1145 489 1186 Hoc
523 1158 634 1186 vero
672 1157 698 1185 a
729 1142 909 1185 Seneca
944 1156 1135 1202 quoque
1169 1141 1467 1185 intellectum

227 1235 343 1272 esse,
378 1233 434 1262 ea
470 1223 578 1262 satis
615 1218 955 1270 demonstrant,
991 1233 1112 1276 quae
1147 1219 1247 1276 ipse
1282 1217 1340 1262 de
1374 1218 1465 1262 hac

229 1283 477 1353 disciplina
523 1293 744 1351 disputat.
834 1295 1112 1351 vituperata
1155 1298 1280 1336 enim
1322 1293 1464 1337 diale-
1515 1316 1518 1321 ·

223 1370 368 1422 crica,
418 1379 465 1411 at
501 1368 658 1418 nobis,
708 1368 863 1425 inquit
886 1361 982 1419 ἒξ),
1017 1371 1066 1410 in
1099 1371 1200 1426 ipsa
1233 1370 1464 1427 sapientia

220 1442 612 1490 commorandum
648 1453 731 1485 est.
783 1443 933 1485 Etiam
972 1445 1007 1485 si
1044 1442 1161 1503 quid*
1192 1447 1372 1503 evagari
1407 1445 1460 1488 li-

219 1524 337 1575 bets
367 1519 549 1579 amplos
584 1519 663 1563 illa
698 1517 842 1586 habet
878 1522 1204 1578 spatiososque
1237 1536 1458 1567 recessus.

216 1598 294 1644 De
338 1595 544 1657 ,deorum
597 1605 765 1638 natura
809 1597 1110 1653 quaeramus,'
1151 1594 1210 1640 de
1256 1596 1459 1645 siderum

219 1674 481 1725 elementis,
517 1670 577 1715 de
609 1671 681 1714 his
717 1682 815 1713 tam
849 1657 983 1713 {ariis
1017 1671 1257 1715 stellarum
1283 1672 1457 1717 discur-

187 1751 370 1805 ·sibu's;
424 1764 485 1792 an
529 1747 588 1791 ad
630 1748 814 1812 illarum
849 1757 1005 1790 motus
1040 1744 1201 1791 nostra
1237 1742 1456 1793 rn'ovean-

168 1871 172 1876 ,
218 1835 311 1877 tur,
346 1838 406 1868 an
440 1834 487 1866 et
520 1821 659 1875 haec‚'
690 1838 810 1881 quae
839 1821 1034 1866 fortuita
1059 1821 1292 1877 dicuntur,
1328 1836 1458 1883 certa

215 1900 323 1959 lege
359 1902 615 1941 constricta
650 1902 765 1950 sint,
824 1898 1034 1958 nihilque
1067 1903 1115 1941 in
1148 1899 1243 1942 hoc
1278 1900 1455 1945 mundo
1504 1938 1516 1951 ,

216 1970 521 2035 repentinum
558 1983 638 2016 aut
672 1987 838 2031 expers
875 1973 1050 2015 ordinis
1079 1973 1328 2018 volutetur.
1362 1978 1456 2021 Ista

215 2054 311 2109 jam
347 2065 372 2093 a
406 2050 692 2093 formatione
727 2063 909 2091 morum
934 2061 1246 2105 recesserunt,
1277 2051 1362 2096 sed
1388 2053 1456 2097 le-
1504 2067 1507 2070 ’
1559 2109 1566 2112 ⁷

214 2137 330 2170 vant
364 2118 593 2179 animum',
637 2135 685 2168 et
719 2123 779 2167 ad
813 2128 1038 2182 ipsarum,
1089 2140 1200 2184 quas
1234 2138 1453 2183 tractant,

214 2218 371 2247 rerum
414 2200 786 2261 magnitudinem
829 2199 1064 2249 adtollunt
1086 2196 1181 2263 ⁶9),
1255 2203 1327 2251 Ex
1357 2204 1453 2266 hoc

300 2393 366 2434 68)
390 2395 451 2434 Ep.
476 2394 550 2428 117,
573 2405 606 2436 p.
634 2397 709 2428 185.

239 2471 249 2477 ,.
302 2444 369 2486 69)
391 2446 558 2479 simillime
581 2459 633 2490 ep.
656 2447 712 2480 65.
736 2458 770 2490 p·
793 2448 867 2482 200·
889 2457 929 2484 σε.
951 2465 996 2474 -
1017 2459 1069 2491 ep·
1091 2448 1145 2486 9⁵.
1167 2459 1204 2490 Ρ.
1223 2449 1280 2484 59.
