1639 2898
388 261 397 287 ι
895 232 972 284 54.

270 386 283 392 ,
306 364 418 397 vero
452 348 708 409 physicam,
744 361 877 408 quae,
911 359 965 392 ut
997 339 1401 407 neminem'*fugit,
1421 355 1545 395 ‘tunc

307 427 533 483 temporis
568 438 666 466 non
699 437 755 466 ea
785 434 970 466 tantum
984 424 1282 486 continebat,
1317 417 1438 482 quae
1457 435 1564 465 no·-

307 503 410 544 stris
455 499 743 559 temporibus
787 498 992 559 physicis
1035 500 1173 544 tribui
1217 491 1397 551 solent,
1461 495 1545 541 sed

305 578 448 623 etiam
492 589 613 635 quae
654 573 793 618 nobis
836 575 1156 637 metaphysica
1192 570 1424 633 dicuntur.
1462 574 1464 576 ’
1498 571 1547 617 Si

304 665 416 695 vero
450 650 579 694 haud
613 650 765 700 facile
786 655 889 711 quis
923 666 1108 721 negare
1129 654 1329 710 poterit,
1390 647 1546 707 divina

303 736 544 792 praestare
570 725 811 780 humanit„
845 727 988 774 etiam
1016 725 1319 782 confitebitur
1337 738 1441 768 eam
1457 723 1545 771 'sci-

184 803 196 815 ““
252 849 255 852 ,
304 801 506 854 entiam,
551 817 641 868 qua
675 802 770 854 illa,
814 817 954 865 quam
981 816 1081 866 qua
1114 783 1254 848 haec
1269 804 1545 844 continean-

304 886 403 928 tur,
438 879 619 931 majore
647 875 849 942 quadam
878 877 1128 929 nobilitate
1157 887 1299 935 atque
1318 874 1547 934 dignitate

304 965 355 994 se
390 949 748 1006 commendare,
799 949 927 1010 quod
963 955 1105 997 etiam
1140 951 1288 995 Stoici
1314 952 1443 999 ,bene
1476 953 1548 997 in·

301 1026 593 1086 telligebant,
615 1041 736 1079 cum,
759 1015 882 1084 teste
900 1025 1044 1070 Sexto
1063 1021 1081 1052 ⁸
1096 1021 1159 1081 ⁷),
1189 1026 1251 1075 ob
1272 1039 1375 1081 eam
1395 1026 1547 1090 ipsam

303 1118 491 1146 causam
525 1102 769 1162 physicam
799 1106 853 1145 in
887 1101 1116 1146 tradenda
1146 1101 1449 1162 philosophia
1474 1102 1546 1145 ul-

246 1177 264 1199 ”
301 1182 422 1222 timo
465 1178 575 1221 loco
622 1176 955 1222 collocandam
996 1192 1096 1222 esse
1139 1181 1385 1240 putarent,
1436 1160 1574 1237 quia⁹

286 1253 423 1305 ⁴haec
465 1265 797 1313 praeparatum
845 1263 1011 1313 pectus
1064 1256 1208 1315 atque
1259 1253 1547 1313 probitatem

301 1330 445 1379 animi
481 1327 727 1381 desideret,
763 1343 870 1371 cum
904 1329 995 1371 nisi
1028 1326 1279 1373 emendata
1313 1342 1445 1383 mens
1477 1327 1545 1372 di-

298 1405 406 1447 vina
429 1418 600 1469 capere
621 1415 765 1462 atque
787 1391 999 1462 recipere
1019 1414 1258 1462 nequeat.
1291 1402 1408 1447 Inde
1429 1418 1542 1447 vero

297 1468 438 1531 facile
473 1482 779 1539 consequitur
812 1482 933 1522 ratio
968 1481 1093 1522 inter
1136 1493 1300 1523 omnes
1335 1477 1545 1539 philoso-

297 1555 439 1622 phiae
480 1566 637 1615 partes
672 1553 985 1608 intercedens,
1031 1569 1152 1614 quae
1185 1570 1285 1598 non
1320 1566 1391 1599 est
1425 1557 1544 1612 ejus-

295 1630 450 1684 modi,
493 1631 681 1690 qualem
717 1629 985 1676 desiderant
1020 1641 1068 1675 et
1104 1629 1429 1692 demonstrare
1464 1647 1545 1675 co-

269 1719 470 1754 -nantur
502 1708 712 1774 Lipsius,
753 1707 1123 1755 Tennemannus
1168 1718 1217 1750 et
1240 1676 1544 1752 Tiedeman-
1611 1716 1620 1717 ”

292 1796 397 1833 nus,
441 1786 520 1840 qui
542 1787 750 1830 ‚omnino
788 1781 836 1826 id
870 1783 1079 1843 neglexit
1114 1781 1243 1845 quod
1278 1794 1422 1843 caput
1457 1794 1542 1836 est,

292 1857 475 1904 scilicet
513 1856 641 1915 quod
671 1857 976 1919 philosophia
1011 1872 1133 1922 quae
1166 1873 1267 1907 non
1300 1869 1421 1902 esset
1439 1857 1543 1918 phi-

291 1925 538 2001 losophia‚
583 1932 770 1995 qualem
811 1932 892 1975 ille
927 1930 1150 1975 describit
1185 1932 1407 1986 Stoicam,
1442 1949 1542 1977 om-

291 2006 431 2058 nibus
479 2022 537 2051 ex
583 2007 793 2067 partibus
838 2017 1070 2068 repugnet
1105 2009 1295 2074 ingenio
1332 2009 1542 2055 Graeco·

290 2098 420 2136 rum,
475 2096 582 2126 cum
628 2087 720 2126 isto
758 2081 902 2126 modo
939 2084 1263 2141 abstergantur
1296 2096 1346 2129 et
1379 2085 1541 2142 abjici-

294 2170 435 2201 antur
478 2173 793 2218 quaecunque
836 2148 1183 2218 philosophiam
1232 2175 1373 2221 supra
1410 2164 1542 2205 'vitae

295 2236 560 2295 communis
603 2245 756 2285 usum·
782 2234 957 2284 tollant
1003 2245 1051 2278 et
1096 2235 1313 2299 evehant.
1362 2260 1429 2277 ψ·-
1494 2236 1541 2279 Si

382 2406 423 2437 εἴ
433 2406 450 2445 )
473 2405 564 2439 sm.
588 2405 686 2446 Emp.
708 2405 781 2438 adv.
807 2403 914 2437 Math.
936 2391 1010 2443 vn.
1031 2406 1092 2439 22.·
