1639 2898
630 194 733 246 12'1

47 315 418 382 comprobatam
439 310 595 369 solum
620 313 703 358 sed
735 314 876 361 etim
903 289 1185 360 celebratam
1207 329 1284 360 ve-

59 399 163 444 luti
174 393 425 456 summum,
458 387 517 435 ad
544 388 673 450 quod-
699 393 885 462 s’apiens
908 396 1151 450 pervenire
1174 407 1288 453 pos-
1343 376 1350 385 ¹

13 523 15 526 f
60 476 142 527 sit,
173 459 297 515 inter
323 481 485 511 omnes
512 476 720 519 constat,
753 480 909 526 neque
938 480 964 509 a
973 471 1147 536 primis
1174 466 1288 524 inde

60 548 309 594 defuerunt
334 541 644 602 temporibus,
677 544 757 602 qui
782 535 898 586 illud
917 542 1145 604 placitum
1170 521 1291 587 vi'tu-

48 629 280 684 ›perarent
308 630 358 663 et
384 628 653 678 carperent,
696 616 824 677 quod
852 608 1058 672 fortassis
1091 622 1189 662 non
1215 622 1288 676 in-

26 700 176 758 ''juria
208 694 398 742 factum
419 704 502 739 est.
583 695 657 738 Ne
691 695 816 741 enim
841 695 900 737 i'n
932 699 1195 750 universum
1230 693 1306 739 de*

61 783 120 818 eo
161 770 474 832 disputemus,
524 785 638 813 num
677 770 819 814 liceat
851 759 938 813 si‘bi
970 773 1057 829 ipsi
1090 776 1306 813 mortem³

62 840 343 894 adsciscere:
357 842 418 890 id
441 861 743 906 exponamus,
765 835 1006 907 quomodo
1029 857 1076 890 et
1098 844 1290 905 quando

64 923 212 969 Stoici
243 923 367 966 vitae
400 921 591 967 manum
624 921 794 965 inferre
821 925 1131 989 permiserint,
1157 931 1293 965 num-

31 1013 158 1074 ,que
192 1013 251 1043 ex
272 999 545 1056 systematis
577 1001 776 1064 ratione,
810 996 1038 1057 siquidem
1064 1000 1147 1042 sibi
1175 1012 1295 1042 con-

64 1087 197 1119 stare
216 1073 505 1126 voluerint,
512 1071 629 1116 illud
663 1073 718 1115 ab
752 1073 862 1132 ipsis
897 1072 1037 1116 statui
1070 1075 1296 1132 potuerit.

66 1151 184 1196 Cum
217 1146 451 1193 summum
480 1148 661 1200 bonum
695 1163 753 1191 ex
786 1144 994 1191 Senecae
1028 1161 1077 1192 et
1110 1150 1297 1195 Stoico·

65 1240 167 1270 rum
191 1224 435 1267 sententiis
459 1225 518 1264 sit
548 1236 695 1264 unum
723 1232 865 1280 atque
894 1210 1112 1282 simplex,
1152 1224 1298 1284 idque

61 1304 287 1365 'positum
311 1302 361 1341 in
400 1300 594 1349 virtute,
631 1299 757 1339 vita.
786 1310 896 1340 vero
948 1296 1126 1342 diversa
1168 1303 1228 1343 sit
1269 1315 1300 1345 a

67 1360 249 1443 vi‘ffiute,
282 1372 502 1417 facillime
534 1369 647 1443 inde
680 1368 989 1426 efficiebatur,
1021 1377 1162 1417 vitam
1196 1374 1299 1420 ιιοιι
1329 1388 1338 1396 ”

49 1469 167 1498 -esse
199 1451 402 1503 bonum,
445 1436 601 1508 neque
635 1457 856 1517 mQrtem.
848 1447 1191 1505 .ma1um²5),
1215 1452 1300 1497 sed
1354 1450 1358 1455 “

70 1523 360 1588 referendam
391 1525 442 1567 in
474 1538 548 1567 res
573 1522 798 1568 mediass
844 1525 937 1568 Res
972 1524 1153 1570 mediae
1186 1541 1298 1572 vero

71 1618 168 1648 ιιοιι
195 1603 285 1646 nisi
313 1598 572 1643 accedente
606 1603 777 1645 virtute
810 1599 935 1642 bona
960 1600 1058 1644 fieri
1084 1614 1297 1661 possunt.

72 1679 177 1723 Vita
209 1680 371 1736 igitur,
406 1688 528 1747 quae
553 1689 662 1717 ιιοιι
695 1679 862 1721 servari
895 1686 1076 1736 potest,
1090 1679 1198 1721 nisi
1232 1682 1297 1722 vi-

75 1754 162 1808 tio,
208 1752 386 1796 'malum
422 1723 506 1796 est.
576 1751 845 1808 'Abjiciatur
877 1755 1036 1810 igitur,
1087 1754 1124 1797 si
1156 1757 1300 1801 virtus

75 1839 121 1872 et
167 1829 262 1874 vita
310 1842 411 1870 non
458 1840 553 1888 una
603 1831 771 1871 servari
818 1839 1037 1887 possunt,
1096 1830 1301 1891 exempli

79 1916 213 1949 eausa
254 1919 340 1964 pro
381 1906 561 1963 patriae
603 1913 652 1947 et
695 1907 951 1960 amicorum
986 1905 1134 1949 salute
1168 1918 1216 1949 et
1249 1911 1301 1950 in

77 1967 292 2024 similibus
310 1973 405 2033 ²⁶),
439 1989 520 2021 aut
545 1982 582 2022 si
609 1982 818 2038 nequitia
847 1990 895 2024 et
919 1980 1167 2024 sceleribus
1196 1992 1300 2024 tan-

79 2061 175 2097 tum
215 2053 505 2099 vindicemur
548 2068 577 2098 a
617 2065 769 2099 morte
793 2050 893 2108 ²⁷),
944 2046 992 2099 et
1034 2067 1133 2099 tum
1176 2072 1302 2101 mors

80 2124 199 2172 facta
240 2141 311 2174 est
349 2116 560 2183 bonum,
621 2144 742 2189 quae
785 2130 920 2176 aliter
961 2141 1032 2176 est
1073 2135 1123 2175 in
1165 2133 1300 2177 rebus

80 2197 266 2215 Ρῇ--ο

89 2229 93 2236 ·
159 2233 225 2272 25)
247 2234 309 2276 Ep.
331 2228 385 2267 30'.
408 2246 441 2276 p.
466 2235 521 2270 97.

159 2283 226 2324 26)
246 2285 350 2330 Πίος.
373 2288 479 2319 [asu.
506 2288 579 2318 vn.
607 2290 680 2323 130.

151 2336 229 2379 ,27)
251 2338 327 2376 Son.
349 2341 459 2373 de'in
475 2341 537 2404 ΞΠ,
561 2342 614 2377 15.
650 2399 651 2402 ¹
