1639 2898
858 255 916 312 ³3

275 367 344 424 gis
379 367 698 420 tractandam,
750 369 942 410 minoris
985 383 1094 411 vero
1138 367 1400 413 faciendam
1432 380 1504 410 ra-

274 442 501 487 tionalem
547 424 741 504 putavit.
819 444 887 488 Ab
921 443 1011 488 hac
1046 459 1155 488 vero
1191 445 1506 504 procedentes

277 516 336 560 ad
368 519 569 577 reliquas
605 531 907 573 transeamus,
943 531 988 564 et
1019 524 1084 564 ita
1110 518 1299 579 quidem
1327 531 1378 562 ut
1408 535 1507 562 mo-

272 591 396 658 ralis,
414 595 558 640 veluti
593 607 735 660 caput
764 608 1037 650 extremum,
1060 601 1117 640 sit
1142 592 1391 639 ultima'de
1416 610 1531 653 quar

274 665 469 714 dicatur.
538 671 610 715 Ad
651 672 699 716 id
741 688 865 726 vero,
901 671 1028 732 quod
1064 687 1090 716 a
1123 670 1341 716 rationali
1374 680 1509 730 parte

274 742 535 801 ordiamur,
595 733 709 792 non!
730 764 787 793 eo
824 747 1013 808 quidem
1046 749 1349 808 impellimur,
1383 749 1511 804 ·quia

271 822 425 878 ipsum
438 821 666 866 Senecam
688 825 743 866 ab
766 823 854 866 hac
877 823 934 866 ad
954 824 1155 882 reliquas
1175 826 1407 865 transiisse
1426 836 1510 881 pu-

222 899 229 907 '
273 904 426 938 temus
460 921 523 927 —
555 896 658 940 hoc
695 899 820 958 enim
866 900 1057 941 minime
1102 898 1278 941 factum
1321 908 1411 950 est,
1445 918 1510 927 --

274 967 358 1012 sed
392 972 597 1014 Zenonis
633 954 865 1032 exemplo,
910 976 988 1032 qui
1032 984 1153 1025 teste
1189 965 1405 1031 Diogene
1423 968 1510 1023 ⁵²)

271 1046 458 1090 initium
477 1046 766 1092 faciendum
810 1063 910 1092 esse
945 1050 1239 1092 existimavit
1266 1062 1292 1091 a
1333 1047 1541 1107 logiciss

275 1132 324 1164 et
352 1121 574 1183 deinceps
604 1123 661 1167 ad
692 1125 871 1183 reliqua
889 1123 1193 1183 pergendum,
1229 1119 1357 1182 quod
1377 1139 1510 1183 prae-

274 1206 406 1242 terea
437 1202 578 1243 etiam
606 1204 673 1243 rei
701 1211 867 1243 natura
898 1210 946 1243 et
973 1210 1076 1242 tota
1104 1199 1286 1258 logicae
1323 1199 1511 1243 illorum

275 1282 543 1332 temporum
578 1278 698 1318 ratio
735 1273 910 1318 suadet.
987 1276 1122 1317 Hanc
1156 1290 1265 1318 vero
1302 1277 1351 1318 si.
1374 1290 1509 1317 accu-

276 1352 419 1392 ratius
441 1354 733 1408 spectaveris‚
761 1348 898 1392 facile
917 1346 1162 1407 intelliges,
1183 1349 1306 1407 apud
1325 1350 1508 1394 Stoicos

276 1427 738 1484 quoquekquamvis
764 1423 834 1467 his
864 1425 971 1484 ipsis
1002 1423 1261 1468 excolenda
1290 1429 1383 1469 visa
1410 1426 1507 1470 fue-
1554 1483 1559 1486 y
1606 1424 1629 1451 ’ἵ

273 1492 359 1554 rit,
402 1517 502 1545 non
534 1497 814 1561 singularem
849 1512 1010 1545 tamen
1044 1501 1203 1564 locum
1240 1516 1507 1561 occupasse.

272 1576 314 1620 A
357 1576 651 1637 philosophis
695 1581 842 1630 enim,
906 1591 932 1620 a
975 1576 1140 1635 quibus
1188 1576 1278 1623 illis
1324 1587 1507 1636 tempo-

272 1652 399 1696 ribus
441 1653 596 1712 logi'ca
639 1654 823 1699 exculta
871 1663 918 1697 et
961 1651 1020 1695 ad
1053 1652 1240 1696 Stoicos
1285 1656 1506 1697 arcessita

274 1738 358 1781 est,
391 1727 510 1773 haec
542 1728 784 1789 disciplina
813 1732 879 1772 ita
899 1727 1203 1781 tractabatur,
1237 1738 1287 1772 ut
1307 1728 1386 1772 illa
1408 1743 1509 1772 non

275 1815 397 1846 esset
431 1809 518 1847 nisi
554 1820 779 1863 organum
816 1809 1051 1856 scientiae,
1086 1803 1214 1867 quod
1249 1809 1297 1847 in
1333 1805 1505 1853 consti-

273 1876 462 1921 tuendis
496 1874 768 1921 notionibus
803 1887 1072 1922 versaretur.
1124 1881 1243 1921 Nam
1278 1878 1375 1922 hoe.
1407 1889 1506 1922 erat

275 1957 460 1997 serioris
496 1955 662 1997 aetatis
698 1954 996 2010 investigare,
1058 1952 1185 2010 quod
1218 1953 1369 2010 logica
1404 1969 1503 1996 non

271 2028 354 2073 has
387 2032 681 2089 potissimum
715 2031 1075 2072 constitutiones
1098 2038 1281 2082 tractet,
1317 2028 1396 2073 sed
1417 2045 1504 2085 no-

272 2111 454 2150 tionem
490 2110 661 2165 ipsam,
716 2116 763 2148 et
800 2103 927 2163 quod
961 2118 1059 2147 non
1094 2107 1150 2147 sit
1186 2094 1377 2148 scientia
1411 2105 1503 2148 for·
1556 2148 1562 2156 ,

274 2197 469 2235 marum,
505 2183 667 2240 quibus
704 2166 978 2239 cogitemus,
1014 2177 1094 2222 sed
1128 2183 1319 2223 scientia
1354 2182 1503 2224 scien-

272 2262 381 2311 tiae,
414 2257 500 2309 vel,
536 2256 664 2315 quod
694 2255 818 2344 idem
850 2266 933 2307 est,
968 2255 1160 2299 scientia
1181 2249 1502 2307 absolutaffi),
1525 2309 1543 2322 .

360 2374 423 2413 52)
448 2373 488 2406 L.
510 2372 532 2405 l.
555 2388 598 2396 --
621 2371 662 2405 cf.
685 2378 716 2402 et
739 2370 825 2403 Sext
849 2370 946 2412 Emp.
970 2368 1040 2401 adv.
1067 2369 1170 2405 Math.
1193 2370 1268 2406 VII.
1291 2372 1344 2409 22

361 2427 424 2466 53)
449 2426 503 2461 Cf.
525 2426 649 2469 Hegel:
696 2424 932 2458 wis-enschinin
954 2411 987 2458 d.
1009 2424 1127 2467 Logik
