1639 2898
625 226 726 266 121,

60 347 412 410 comprobatam
439 340 589 386 solum
615 342 697 387 sed
730 344 870 387 etiam
899 344 1179 388 celebratam
1203 359 1279 414 ve·
1340 405 1344 410 Α

54 427 419 471 lutisummum,
454 416 511 461 ad
539 417 666 477 quod
694 421 876 477 sapiens
903 424 1145 477 pervenire
1170 435 1283 479 pos-

0 519 1 522 *
55 504 137 554 sit,
169 502 291 542 inter
319 509 479 538 omnes
508 504 715 545 constat,
749 508 904 551 neque
934 499 1141 559 aoprimis
1169 494 1282 537 inde

56 575 302 620 defuerunt
330 568 639 629 temporibus,
673 572 751 628 qui
777 567 892 612 illud
913 569 1140 628 placitum
1166 574 1284 613 vitu-

55 657 275 710 perarent
304 657 352 689 et
380 656 647 704 carperent,
691 643 819 702 quod
848 644 1052 696 fortassis
1086 661 1184 688 non
1211 649 1283 687 in-

54 726 170 783 juria
203 721 379 764 factum
414 731 496 765 est.
578 722 651 763 Ne
686 721 809 765 enim
844 722 894 762 in
931 725 1190 766 universum
1226 720 1288 764 de

56 814 113 843 eo
156 795 468 856 disputemus,
519 811 632 839 num
673 796 813 839 liceat
847 796 932 838 sibi
965 799 1052 854 ipsi
1085 807 1290 839 mortem

58 873 337 918 adsciscere:
364 870 412 915 id
436 887 737 930 exponamus,
760 871 999 931 quomodo
1024 882 1069 914 et
1093 870 1284 929 quando

59 949 206 993 Stoici
238 949 361 990 vitae
396 961 585 990 manum
619 947 789 989 inferre
817 951 1126 1005 permiserint,
1153 962 1287 989 num-

54 1038 152 1084 que
187 1038 245 1067 ex
279 1024 539 1079 systematis
573 1025 770 1074 ratione,
806 1020 1032 1081 siquidem
1060 1024 1140 1065 sibi
1171 1037 1289 1065 con-

59 1111 179 1143 stare
212 1098 465 1149 voluerint‚
507 1096 623 1139 illud
658 1098 712 1138 ab
748 1098 857 1154 ipsis
892 1102 1031 1139 statui
1065 1100 1289 1155 potuerit.

61 1175 178 1219 Cum
212 1187 443 1216 summum
476 1172 655 1213 bonum
690 1186 748 1214 ex
781 1171 988 1214 Senecae
1024 1184 1071 1215 et
1106 1173 1291 1215 Stoico-

60 1264 161 1293 rum
186 1248 429 1290 sententiis
455 1249 513 1287 sit
543 1260 688 1287 unum
718 1256 860 1303 atque
890 1247 1106 1305 simplex,
1147 1248 1292 1306 idque

61 1327 265 1385 positum
306 1326 356 1364 in
396 1324 588 1371 virtute,
647 1323 740 1361 vita
782 1335 891 1362 vero
944 1320 1121 1364 diversa
1164 1327 1222 1365 sit
1265 1338 1294 1367 a

62 1404 243 1450 virtute,
277 1395 496 1440 facillime
530 1392 641 1436 inde
676 1391 984 1448 efficiebatur,
1017 1400 1157 1439 vitam
1192 1414 1294 1441 non
1326 1414 1329 1416 ·

67 1490 162 1518 esse
195 1474 396 1522 bonum,
441 1483 596 1526 neque
631 1468 1160 1524 mortemlmalumss),
1211 1473 1294 1516 sed

65 1545 355 1592 referendam
386 1546 437 1587 in
470 1559 542 1587 res
577 1542 764 1588 medias.
840 1546 932 1588 Res
968 1544 1148 1590 mediae
1182 1563 1293 1592 vero

62 1630 163 1668 'non
191 1624 280 1666 nisi
309 1619 566 1664 accedente
601 1624 771 1663 virtute
806 1619 929 1663 bona
957 1620 1053 1664 fieri
1080 1635 1291 1681 possunt.

67 1700 172 1744 Vita
205 1702 366 1757 igitur,
401 1710 522 1755 quae
555 1711 656 1739 non
691 1701 856 1741 servari
891 1701 1193 1756 potest,*nisi
1228 1704 1291 1743 vi-

70 1776 157 1827 tio,
206 1773 381 1816 malum
418 1782 501 1815 est.
584 1772 840 1827 Abjiciatur
873 1776 1031 1830 igitur,
1083 1775 1119 1816 si
1152 1778 1295 1819 virtus

70 1860 116 1893 et
163 1851 257 1893 vita
306 1863 405 1891 non
453 1862 548 1890 una
598 1852 765 1891 servari
814 1861 1032 1907 possunt,
1092 1852 1335 1910 exempli*

74 1937 207 1968 causa
249 1940 335 1983 pro
377 1926 556 1982 patriae
599 1934 646 1966 et
690 1928 945 1977 amicorum
982 1926 1129 1968 salute
1164 1938 1210 1969 et
1245 1931 1295 1969 in

73 2001 287 2044 similibus
305 1993 400 2053 ²⁶),
435 2010 515 2042 aut
540 2003 576 2042 si
605 2003 812 2058 nequitia
843 2011 890 2044 et
916 2000 1162 2044 sceleribus
1192 2014 1295 2044 tan-

74 2082 169 2118 tum
210 2074 500 2119 vindicemur
544 2090 571 2118 a
612 2071 888 2128 morte27),
940 2088 986 2119 et
1029 2088 1128 2119 tum
1172 2093 1297 2121 mors

76 2146 193 2193 facta
235 2163 305 2195 est
345 2151 554 2203 bonurn,
617 2166 736 2209 quae
781 2152 915 2196 aliter
957 2163 1026 2196 est
1069 2157 1118 2195 in
1161 2155 1294 2197 rebus

76 2218 260 2235 μ--ι-

154 2255 219 2293 25)
242 2256 303 2296 Ep.
327 2258 380 2288 30.
403 2267 436 2297 p.
461 2257 515 2290 97.

155 2305 221 2345 26)
242 2307 344 2351 Diog.
369 2310 473 2340 Laeti.
502 2309 574 2339 VII.
602 2311 675 2343 130.

155 2358 222 2400 27)
246 2361 322 2397 Sen.
344 2363 385 2394 de
407 2364 453 2394 ira
475 2363 532 2396 111.
556 2364 609 2398 15.
