1639 2898
669 223 728 267 37

601 281 796 296 υ-α--ιν

87 348 306 405 cedente,
342 342 608 411 quaerenda
643 340 799 387 essent
833 336 1023 387 solatia,
1059 344 1178 391 quae
1210 344 1307 372 rur-

83 446 157 473 sus
190 429 384 473 inveniri
414 440 512 469 non
531 429 752 480 poterant
773 429 973 461 acumen
991 404 1311 459 exercitando,

81 504 183 550 sed·
205 507 362 566 potius
410 502 554 544 vitam
603 493 738 537 rebus
773 490 976 536 externis
1011 498 1199 547 pessum
1232 479 1312 524 da-

38 628 51 639 „
80 594 180 628 tam
228 579 436 622 internis·
473 569 720 616 roboribus
762 563 1097 611 confirmando.
1175 558 1314 619 Quae

83 643 240 702 omnia
276 665 383 695 cum
417 651 508 693 sint
542 649 591 689 in
626 643 796 695 causis,
849 644 1010 700 quibus
1043 639 1314 683 Stoicorum

81 731 275 776 omnino
298 723 524 770 Romanis
543 734 656 782 prae
684 721 893 762 omnium
911 716 1194 773 reliquorum
1212 710 1315 770 phi-

81 803 388 864 losophorum
422 800 608 862 placitis
642 795 899 857 placerent,
934 804 1032 834 non
1068 789 1209 846 magis
1232 789 1316 828 mi-

81 880 280 925 randum
314 890 398 931 est,
418 881 558 920 etiam
576 889 644 926 ea,
664 886 785 931 quae
819 874 869 913 in
902 853 985 913 illai‘
1016 861 1319 925 philosophia

87 947 298 1002 Graecae
321 954 509 1012 originis
529 943 880 1010 quodammodo
916 939 1169 1002 crepundia
1201 919 1317 980 con:

83 1037 302 1082 tinerent,
336 1028 560 1085 translata
594 1025 686 1067 filia
723 1012 904 1066 Graeca
938 1023 986 1061 in
1021 1029 1193 1060 terram
1223 1016 1314 1056 Ita-

13 1137 20 1143 ι
81 1108 190 1159 lam,
225 1119 422 1161 eamque
456 1097 802 1158 inhospitalem,
853 1096 1028 1152 quippe
1063 1103 1183 1147 quae
1216 1101 1318 1130 non

81 1184 172 1224 nisi
196 1191 333 1221 rarma
374 1175 591 1232 bellaque
624 1179 888 1220 resonaret,
938 1182 1050 1209 mox
1084 1166 1321 1207 Catonum

81 1255 346 1312 horumque
380 1250 597 1307 similium
632 1247 842 1291 manibus
864 1241 1039 1302 ,rigidis
1084 1249 1321 1292 contacta,

84 1331 261 1376 abolita
296 1340 418 1383 esse3
474 1329 573 1386 ipsa
606 1338 717 1367 vero
760 1306 1322 1376 chlamydemGraecam

85 1406 368 1468 permutavit
403 1417 511 1446 cum
545 1404 705 1443 tunica
740 1401 967 1441 Romana.
1035 1395 1145 1438 Veri
1178 1393 1321 1451 igitur

87 1479 237 1528 simile
271 1492 353 1534 est,
377 1480 510 1523 bonis
545 1478 705 1536 patriis
740 1474 1055 1529 maternisque
1089 1471 1180 1525 J'am
1216 1479 1320 1510 tum

87 1560 336 1620 spoliatam
370 1554 608 1598 devenisse
643 1548 703 1592 ad
728 1548 967 1598 Senecam,
1000 1558 1157 1602 neque
1190 1543 1320 1585 hunc

85 1640 287 1696 primum
322 1645 425 1674 eam
458 1631 660 1687 privasse
694 1622 820 1675 dote,
855 1635 994 1683 quam
1030 1618 1087 1663 ab
1123 1628 1321 1662 auctore

27 1758 30 1761 ,
84 1711 239 1770 primo
283 1715 541 1764 acceptam,
589 1706 867 1759 insequente
916 1707 1134 1753 tempore
1175 1696 1322 1751 magis

88 1789 327 1844 magisque
362 1789 568 1825 auxerat.
825 1825 826 1828 Ἰ
1262 1816 1265 1818 ,

171 1862 356 1910 ..Hunc
397 1871 508 1900 vero
551 1849 880 1913 philosophiae
912 1844 1189 1891 tractandae
1223 1860 1324 1888 mo-

90 1937 225 1990 dum,
249 1926 337 1995 qui
372 1931 498 1993 apud
530 1933 772 1974 Romanos
805 1924 1021 1977 invaluit,
1067 1925 1103 1966 si
1137 1919 1198 1965 ad
1231 1921 1323 1965 sin-

25 2035 29 2041 *
91 2014 222 2073 gulas
255 2022 412 2071 partes
446 2007 698 2058 referimus,
732 2002 870 2048 facile
899 1999 1159 2059 explicatur
1186 2000 1322 2041 aesti-

92 2089 240 2137 matio
286 2091 473 2146 impar‚.
509 2098 628 2143 quae
671 2078 834 2130 iisdem
868 2077 1043 2119 tributa
1078 2085 1148 2119 est
1182 2088 1208 2119 a
1243 2072 1322 2115 Se-

94 2178 238 2217 neca,
290 2166 369 2221 qui
411 2149 511 2206 non
549 2145 694 2203 veluti
738 2156 882 2200 Stoici
908 2149 982 2205 51)
1019 2164 1181 2195 omnes
1223 2150 1325 2207 pari

95 2238 238 2287 modo
274 2236 511 2290 colendas,
538 2234 620 2281 sed
654 2231 877 2278 moralem
904 2238 951 2273 et
969 2226 1211 2287 physicam
1228 2238 1326 2268 ma-

100 2352 486 2369 W

184 2408 250 2452 51)
273 2408 377 2452 Diog.
399 2378 507 2440 Lien.
531 2406 606 2442 VII.
628 2404 684 2443 40.
