1639 2898
628 208 729 265 122⁹·

70 347 271 395 solmam
304 339 644 402 perfectionem
678 339 968 393 tribuebant,
1018 343 1162 384 immo
1198 340 1290 385 for-

67 427 199 469 tassis
234 422 389 464 animo
423 416 629 460 humano
665 420 816 459 minus
859 405 1141 461 fortitudinis
1178 433 1293 461 con-

70 498 215 549 cedit,
250 504 390 553 quam
423 507 543 553 quae
577 493 626 535 in
661 490 850 552 singulis
892 490 1156 536 hominibus
1193 509 1292 539 sae-

68 581 169 637 pius
204 569 432 629 adparuit.
498 570 771 621 Praesertim
799 583 909 612 vero
939 572 986 612 in
1013 568 1106 612 hoc
1129 585 1295 628 parum

68 653 150 694 sibi
186 647 421 698 constitit,
472 643 599 703 quod
634 660 690 689 ex
723 644 812 688 hac
847 655 980 704 parte
1013 644 1309 690 immoderas

67 735 167 767 tum
202 721 298 765 fere
340 722 498 775 insin
542 724 683 762 vitam
727 735 854 764 suam
897 722 1056 764 tribuit
1098 720 1294 783 homini,

67 813 124 843 ex
159 796 304 841 altera
339 809 497 841 tamen
541 796 798 856 perspexit,
840 800 1075 841 neminem
1120 810 1296 842 morta-

66 875 180 918 lium
216 873 274 918 ad
319 872 579 917 absolutam
621 888 831 931 unquam
876 877 1139 932 pervenisse
1190 889 1295 932 per-

67 949 346 1002 fectionem,
394 962 514 1007 quae
557 948 818 1007 expetenda
864 952 921 992 sit
966 944 1295 1004 omnibus33).

64 1027 485 1085 Itaque'tempore
529 1038 668 1083 quam
712 1027 911 1068 maxime
955 1020 1296 1081 utendum3⁴)‚

68 1114 114 1146 et
169 1103 362 1145 omnino
415 1099 813 1144 vivendum‘esse
857 1100 1121 1159 praedicat,
1185 1103 1296 1160 quia

69 1176 295 1237 quidquid
329 1179 493 1219 aetatis
526 1173 659 1219 retro*
689 1178 759 1228 sit,
795 1186 947 1219 morte
981 1187 1210 1229 teneatur,
1246 1188 1296 1221 et

68 1254 176 1312 quia
220 1266 344 1295 mors
380 1266 478 1294 non
511 1265 604 1293 una
639 1254 814 1303 veniat,
868 1249 949 1293 sed
985 1267 1104 1309 quae
1139 1257 1296 1296 veniat

65 1328 230 1372 ultima
266 1342 388 1369 mors
423 1318 591 1377 sit35).
632 1325 686 1367 In
721 1323 791 1385 his
828 1326 1041 1370 omnibus
1076 1343 1175 1371 non
1210 1327 1296 1371 dif-

66 1403 189 1447 ficile
223 1413 306 1453 est,
339 1400 595 1460 pugnantia
631 1398 964 1453 demonstrare,
1009 1416 1128 1460 quae
1162 1403 1297 1448 undi-

69 1493 160 1539 que
195 1478 379 1521 obviam
414 1485 688 1527 occurrunt,
728 1479 1001 1535 praesertim
1037 1481 1073 1521 si
1105 1480 1296 1538 respici-

67 1569 168 1600 mus
203 1552 263 1596 ad
294 1552 540 1604 rationem,
570 1566 708 1610 quam
743 1555 865 1595 inter
899 1550 1050 1606 deum,
1072 1554 1298 1599 mundum

71 1641 119 1676 et
152 1613 366 1673 homines
401 1629 613 1670 obtinere
647 1625 788 1670 docet
822 1638 993 1671 noster.
1044 1630 1113 1672 Ex
1149 1630 1297 1675 altera
1345 1683 1350 1690 ,

69 1721 178 1749 vero
213 1714 346 1763 parte
379 1707 465 1746 ista
499 1703 673 1762 placita
707 1718 806 1746 non
842 1699 1177 1750 omnino‘sunt
1212 1710 1296 1749 im-

71 1778 334 1839 probanda,
377 1778 413 1820 si
448 1776 507 1821 ad
540 1788 753 1836 tempora
789 1781 1007 1829 immania
1040 1785 1294 1839 respexeri-

71 1868 185 1905 mus,
220 1855 383 1912 quibus
401 1854 513 1895 vixit
533 1852 723 1904 Seneca,
760 1867 866 1896 cum
887 1858 1151 1914 saepissime
1171 1869 1297 1899 mors

73 1931 169 1973 sola
198 1940 341 1982 esset,
374 1944 467 1987 qua
497 1943 522 1971 a
544 1927 824 1972 cruciatibus
846 1939 893 1973 et
913 1931 1171 1974 saevissima
1195 1932 1299 1975 bar·

72 2003 199 2049 baria
227 2003 450 2049 vindicari
469 2014 690 2063 poterant
703 1995 930 2050 homines.
996 2006 1200 2051 Felicem
1220 2007 1299 2051 Se-

158 2194 226 2236 33)
254 2195 312 2237 Ep.
334 2194 388 2233 27.
418 2206 451 2237 p,
476 2197 529 2229 83.
596 2195 670 2226 Hoc
700 2194 840 2237 denique
874 2195 952 2227 citra
981 2195 1067 2228 diem
1097 2198 1211 2229 morti·
1241 2196 1317 2230 tibi«

245 2255 384 2291 praesta:
427 2248 614 2280 moriantur
637 2255 708 2279 ante
731 2256 762 2278 te
785 2250 881 2281 vitun.

158 2300 226 2342 34)
249 2304 310 2345 Ep.
334 2305 365 2333 1.
390 2312 422 2342 p.
448 2303 479 2333 3.
503 2312 528 2336 ι.
551 2318 595 2327 --
637 2301 699 2344 Ep.
722 2303 756 2337 2.
777 2313 813 2345 p.
835 2305 869 2336 5.
891 2310 922 2335 et
945 2304 1075 2347 passim.

158 2358 223 2397 35)
246 2358 309 2400 Ep.
330 2354 383 2390 24,
406 2366 439 2398 p.
464 2358 518 2389 81.
