1639 2898
351 340 576 415 Superest
602 351 657 387 ιιι
676 341 745 404 *de
771 343 952 386 auxiliis
982 340 1163 396 dicam,
1189 343 1356 403 quibus
1382 357 1491 389 usus

254 418 344 461 sim
376 419 426 463 in
458 418 548 463 hac
583 418 853 478 scriptione
873 415 1219 478 componenda.
1278 420 1491 471 Lecturis
1549 446 1555 449 -

253 489 396 542 facile
429 492 735 555 adparabant.
779 491 1029 555 Quidquid
1055 508 1083 539 a
1118 509 1193 539 me
1227 487 1399 539 citatur
1432 493 1494 541 ad

253 561 420 631 manus
454 569 561 624 fuit,
594 584 713 616 cum
745 568 805 617 ab
839 572 976 616 initio
1005 569 1057 616 id
1083 571 1202 616 mihi
1224 565 1496 632 proposuis-

252 659 365 698 sem,
406 656 458 690 ut
492 645 705 706 quadam
738 651 889 692 macie
928 658 1072 708 atque
1112 648 1322 694 exilitate
1362 647 1495 692 loco-

250 733 358 767 rum
389 714 691 776 laudatorum
718 723 936 786 laborare
960 728 1117 784 potius
1143 733 1331 783 paterer
1356 737 1495 783 opus-

253 796 438 850 culum,
480 812 622 859 quam
656 797 887 843 adferrem
919 799 1077 853 locos,
1127 814 1244 861 quos
1279 799 1493 850 evolvere

254 873 324 915 et
357 868 466 933 ipsis
520 874 668 922 oculis
709 878 941 932 inspicere
991 874 1105 918 mihi
1147 890 1249 917 non
1296 874 1496 926 licuerit,

253 960 364 991 cum
404 935 502 1004 jani
545 936 726 1009 saepius
770 959 989 1008 expertus
1025 953 1127 1004 sim
1144 949 1496 1007 fallacissimam
1563 943 1568 948 ’

246 1036 355 1096 ’esse
387 1021 531 1067 fidem
564 1037 750 1077 eorum,
795 1037 917 1083 quae
950 1024 1037 1067 tali
1070 1010 1214 1067 modo
1249 1028 1299 1069 in
1333 1024 1497 1069 auxili-

250 1112 334 1155 um
365 1110 609 1144 vocentur.
641 1094 811 1158 Neque
841 1098 1051 1144 dubitavi
1082 1099 1249 1143 vel'in.
1272 1104 1346 1152 iisr
1374 1102 1497 1158 quae

251 1173 333 1219 hic
362 1173 461 1218 illic
490 1175 644 1219 aliena
673 1174 879 1230 fortassis
907 1175 1190 1222 auctoritate
1220 1188 1248 1217 a
1277 1160 1498 1220 me‘dicta

235 1238 398 1304 ἐιιιιῐ,Ι
436 1248 498 1295 ad
538 1261 755 1312 auctores
805 1264 942 1294 veros
993 1248 1210 1309 delegare
1253 1251 1497 1304 lectorem,

251 1327 463 1392 quamvis
497 1337 650 1370 totam
681 1325 830 1371 hanc
843 1328 1319 1377 commenta-tionem,
1354 1334 1497 1384 quam
1561 1364 1570 1380 ¹,
1601 1375 1603 1383 Ι

251 1415 419 1446 eorum
453 1402 534 1461 qui
566 1401 737 1445 lecturi
770 1411 880 1447 sunt
907 1398 1232 1464 indulgentiae
1253 1411 1395 1459 atque
1418 1403 1497 1446 be,-

250 1477 556 1524 nevolentiae
589 1473 900 1529 commendo,
947 1475 1094 1520 talem
1128 1490 1229 1520 esse
1255 1477 1362 1533 jure
1395 1490 1496 1521 rec·

251 1562 397 1612 teque
441 1551 600 1596 dicere
639 1566 862 1612 possum,
921 1565 1042 1610 quae
1076 1555 1322 1597 materiam
1356 1562 1498 1611 atque

249 1628 466 1675 formam
471 1626 759 1687 diligentiori
786 1626 990 1672 fontium
1019 1625 1176 1673 studio
1195 1626 1381 1681 debeat,
1414 1642 1499 1671 ne-

179 1741 193 1759 ,
252 1718 347 1763 qne
377 1703 610 1773 profecta
624 1707 682 1748 sit
711 1718 737 1747 a
757 1703 1100 1763 compilatione
1131 1703 1286 1763 aliqua
1316 1715 1495 1758 eorum,

252 1793 378 1838 quae
413 1779 495 1821 viri
530 1762 665 1822 docti
692 1781 787 1834 jam
816 1779 930 1821 olim
949 1780 1340 1837 conscripserant.
1359 1781 1498 1827 Nam
1572 1787 1587 1802 ³

208 1843 210 1846 ⁵
253 1857 398 1898 etiam
433 1857 485 1897 in
517 1854 585 1907 iis,
620 1867 741 1913 quae
776 1862 1078 1912 exponuntur
1110 1849 1169 1896 de
1198 1852 1500 1913 philosophia

252 1929 438 1983 Stoica,
488 1943 566 1986 me
608 1943 709 1972 non
754 1942 898 1971 caeco
934 1928 1115 1986 impetu
1149 1938 1362 1973 secutum
1397 1944 1497 1976 esse

249 2004 477 2051 historiae
519 2003 879 2066 philosophicae
913 2007 1178 2063 scriptores,
1213 2003 1295 2048 sed
1337 2009 1495 2066 potius

251 2082 402 2134 locos,
435 2096 465 2125 a
488 2083 652 2140 quibus
678 2079 905 2138 judicium
928 2072 1497 2141 inconcussum'pendeat²

251 2149 392 2202 facile
419 2157 666 2218 intelliget,
700 2153 782 2219 qu'i
810 2157 1073 2202 accuratius
1093 2170 1387 2214 cognoscere
1414 2173 1497 2200 vo-

250 2232 405 2278 luerit.
452 2231 507 2276 Id
540 2248 651 2278 vero
676 2243 758 2276 'est
792 2229 923 2291 quod
956 2244 1190 2284 moneam,
1222 2246 1299 2277 me
1333 2233 1494 2286 multa,

252 2321 374 2368 quae
405 2306 464 2353 ad
495 2307 621 2354 hanc
647 2306 988 2371 disputationis·
1008 2295 1191 2371 partem
1211 2313 1495 2370 pertineant,

253 2382 315 2428 de
360 2385 527 2446 quibus
578 2384 723 2431 fusius
764 2384 970 2444 libenter
1012 2382 1253 2440 dixissem,
1293 2388 1496 2450 *Propter
