<?xml version="1.0" encoding="UTF-8"?>
<!DOCTYPE html PUBLIC "-//W3C//DTD XHTML 1.0 Transitional//EN"
    "http://www.w3.org/TR/xhtml1/DTD/xhtml1-transitional.dtd">
<html xmlns="http://www.w3.org/1999/xhtml" xml:lang="en" lang="en">
 <head>
  <title>
</title>
<meta http-equiv="Content-Type" content="text/html;charset=utf-8" />
  <meta name='ocr-system' content='tesseract 3.04.00' />
  <meta name='ocr-capabilities' content='ocr_page ocr_carea ocr_par ocr_line ocrx_word'/>
</head>
<body>
  <div class='ocr_page' id='page_1' title='image "4737174_0143.png"; bbox 0 0 1639 2898; ppageno 0'>
   <div class='ocr_carea' id='block_1_1' title="bbox 0 0 114 2898">
    <p class='ocr_par' dir='ltr' id='par_1_1' title="bbox 0 0 114 2898">
     <span class='ocr_line' id='line_1_1' title="bbox 0 0 114 2898; baseline 0 0"><span class='ocrx_word' id='word_1_1' title='bbox 0 0 114 2898; x_wconf 95' lang='lat' dir='ltr'> </span> 
     </span>
    </p>
   </div>
   <div class='ocr_carea' id='block_1_2' title="bbox 1551 429 1639 2898">
    <p class='ocr_par' dir='ltr' id='par_1_2' title="bbox 1551 429 1639 2898">
     <span class='ocr_line' id='line_1_2' title="bbox 1600 429 1632 656; baseline 0 -149"><span class='ocrx_word' id='word_1_2' title='bbox 1600 429 1632 656; x_wconf 95' lang='lat' dir='ltr'>   </span> 
     </span>
     <span class='ocr_line' id='line_1_3' title="bbox 1605 656 1634 703; baseline 0 2195"><span class='ocrx_word' id='word_1_3' title='bbox 1605 656 1634 703; x_wconf 95' lang='lat' dir='ltr'> </span> 
     </span>
     <span class='ocr_line' id='line_1_4' title="bbox 1607 703 1638 806; baseline 0 2092"><span class='ocrx_word' id='word_1_4' title='bbox 1607 703 1638 806; x_wconf 95' lang='lat' dir='ltr'> </span> 
     </span>
     <span class='ocr_line' id='line_1_5' title="bbox 1609 806 1639 881; baseline 0 2017"><span class='ocrx_word' id='word_1_5' title='bbox 1609 806 1639 881; x_wconf 95' lang='lat' dir='ltr'> </span> 
     </span>
     <span class='ocr_line' id='line_1_6' title="bbox 1611 881 1639 961; baseline 0 1937"><span class='ocrx_word' id='word_1_6' title='bbox 1611 881 1639 961; x_wconf 95' lang='lat' dir='ltr'> </span> 
     </span>
     <span class='ocr_line' id='line_1_7' title="bbox 1611 961 1639 1032; baseline 0 1866"><span class='ocrx_word' id='word_1_7' title='bbox 1611 961 1639 1032; x_wconf 95' lang='lat' dir='ltr'> </span> 
     </span>
     <span class='ocr_line' id='line_1_8' title="bbox 1613 1032 1639 1106; baseline 0 1792"><span class='ocrx_word' id='word_1_8' title='bbox 1613 1032 1639 1106; x_wconf 95' lang='lat' dir='ltr'> </span> 
     </span>
     <span class='ocr_line' id='line_1_9' title="bbox 1615 1106 1639 1180; baseline 0 1718"><span class='ocrx_word' id='word_1_9' title='bbox 1615 1106 1639 1180; x_wconf 95' lang='lat' dir='ltr'> </span> 
     </span>
     <span class='ocr_line' id='line_1_10' title="bbox 1615 1180 1639 1256; baseline 0 1642"><span class='ocrx_word' id='word_1_10' title='bbox 1615 1180 1639 1256; x_wconf 95' lang='lat' dir='ltr'> </span> 
     </span>
     <span class='ocr_line' id='line_1_11' title="bbox 1617 1256 1639 1328; baseline 0 1570"><span class='ocrx_word' id='word_1_11' title='bbox 1617 1256 1639 1328; x_wconf 95' lang='lat' dir='ltr'> </span> 
     </span>
     <span class='ocr_line' id='line_1_12' title="bbox 1618 1328 1639 1403; baseline 0 1495"><span class='ocrx_word' id='word_1_12' title='bbox 1618 1328 1639 1403; x_wconf 95' lang='lat' dir='ltr'> </span> 
     </span>
     <span class='ocr_line' id='line_1_13' title="bbox 1619 1403 1639 1478; baseline 0 1420"><span class='ocrx_word' id='word_1_13' title='bbox 1619 1403 1639 1478; x_wconf 95' lang='lat' dir='ltr'> </span> 
     </span>
     <span class='ocr_line' id='line_1_14' title="bbox 1621 1478 1639 1557; baseline 0 1341"><span class='ocrx_word' id='word_1_14' title='bbox 1621 1478 1639 1557; x_wconf 95' lang='lat' dir='ltr'> </span> 
     </span>
     <span class='ocr_line' id='line_1_15' title="bbox 1621 1557 1639 1632; baseline 0 1266"><span class='ocrx_word' id='word_1_15' title='bbox 1621 1557 1639 1632; x_wconf 95' lang='lat' dir='ltr'> </span> 
     </span>
     <span class='ocr_line' id='line_1_16' title="bbox 1622 1632 1639 1713; baseline 0 1185"><span class='ocrx_word' id='word_1_16' title='bbox 1622 1632 1639 1713; x_wconf 95' lang='lat' dir='ltr'> </span> 
     </span>
     <span class='ocr_line' id='line_1_17' title="bbox 1622 1713 1639 1784; baseline 0 1114"><span class='ocrx_word' id='word_1_17' title='bbox 1622 1713 1639 1784; x_wconf 95' lang='lat' dir='ltr'> </span> 
     </span>
     <span class='ocr_line' id='line_1_18' title="bbox 1624 1784 1639 1858; baseline 0 1040"><span class='ocrx_word' id='word_1_18' title='bbox 1624 1784 1639 1858; x_wconf 95' lang='lat' dir='ltr'> </span> 
     </span>
     <span class='ocr_line' id='line_1_19' title="bbox 1625 1858 1639 2037; baseline 0 -104"><span class='ocrx_word' id='word_1_19' title='bbox 1625 1858 1639 2037; x_wconf 95' lang='lat' dir='ltr'>   </span> 
     </span>
     <span class='ocr_line' id='line_1_20' title="bbox 1551 2037 1639 2898; baseline 0 0"><span class='ocrx_word' id='word_1_20' title='bbox 1551 2037 1639 2898; x_wconf 95' lang='lat' dir='ltr'>   </span> 
     </span>
    </p>
   </div>
   <div class='ocr_carea' id='block_1_3' title="bbox 902 225 989 265">
    <p class='ocr_par' dir='ltr' id='par_1_3' title="bbox 902 225 989 265">
     <span class='ocr_line' id='line_1_21' title="bbox 902 225 989 265; baseline 0.011 -1"><span class='ocrx_word' id='word_1_21' title='bbox 902 225 989 265; x_wconf 86' lang='lat'>120</span> 
     </span>
    </p>
   </div>
   <div class='ocr_carea' id='block_1_4' title="bbox 843 280 1041 290">
    <p class='ocr_par' dir='ltr' id='par_1_4' title="bbox 843 280 1041 290">
     <span class='ocr_line' id='line_1_22' title="bbox 843 280 1041 290; baseline 0 2608"><span class='ocrx_word' id='word_1_22' title='bbox 843 280 1041 290; x_wconf 95' lang='lat' dir='ltr'> </span> 
     </span>
    </p>
   </div>
   <div class='ocr_carea' id='block_1_5' title="bbox 272 336 1570 2208">
    <p class='ocr_par' dir='ltr' id='par_1_5' title="bbox 272 336 1570 2208">
     <span class='ocr_line' id='line_1_23' title="bbox 326 336 1556 398; baseline -0.002 -14"><span class='ocrx_word' id='word_1_23' title='bbox 326 341 494 385; x_wconf 79' lang='lat' dir='ltr'>summi</span> <span class='ocrx_word' id='word_1_24' title='bbox 533 341 648 384; x_wconf 91' lang='lat' dir='ltr'>boni</span> <span class='ocrx_word' id='word_1_25' title='bbox 691 350 738 383; x_wconf 91' lang='lat' dir='ltr'>et</span> <span class='ocrx_word' id='word_1_26' title='bbox 774 355 832 383; x_wconf 84' lang='lat' dir='ltr'>ex</span> <span class='ocrx_word' id='word_1_27' title='bbox 865 338 1195 398; x_wconf 82' lang='lat' dir='ltr'>philosophiae</span> <span class='ocrx_word' id='word_1_28' title='bbox 1230 336 1430 382; x_wconf 85' lang='lat' dir='ltr'><strong>decretis</strong></span> <span class='ocrx_word' id='word_1_29' title='bbox 1467 343 1556 381; x_wconf 90' lang='lat' dir='ltr'>sin-</span> 
     </span>
     <span class='ocr_line' id='line_1_24' title="bbox 323 411 1558 475; baseline -0.002 -17"><span class='ocrx_word' id='word_1_30' title='bbox 323 416 443 474; x_wconf 79' lang='lat' dir='ltr'>gulis</span> <span class='ocrx_word' id='word_1_31' title='bbox 486 415 776 475; x_wconf 84' lang='lat' dir='ltr'>temporibus</span> <span class='ocrx_word' id='word_1_32' title='bbox 820 430 1006 474; x_wconf 83' lang='lat' dir='ltr'>semper</span> <span class='ocrx_word' id='word_1_33' title='bbox 1057 412 1172 473; x_wconf 91' lang='lat' dir='ltr'>quid</span> <span class='ocrx_word' id='word_1_34' title='bbox 1223 411 1456 472; x_wconf 80' lang='lat' dir='ltr'>agendum</span> <span class='ocrx_word' id='word_1_35' title='bbox 1502 416 1558 456; x_wconf 91' lang='lat' dir='ltr'>sit</span> 
     </span>
     <span class='ocr_line' id='line_1_25' title="bbox 324 490 1558 548; baseline -0.004 -15"><span class='ocrx_word' id='word_1_36' title='bbox 324 503 406 533; x_wconf 87' lang='lat' dir='ltr'>aut</span> <span class='ocrx_word' id='word_1_37' title='bbox 427 490 763 542; x_wconf 81' lang='lat' dir='ltr'>omittendum,</span> <span class='ocrx_word' id='word_1_38' title='bbox 798 503 968 548; x_wconf 88' lang='lat' dir='ltr'>sponte</span> <span class='ocrx_word' id='word_1_39' title='bbox 989 491 1193 542; x_wconf 82' lang='lat' dir='ltr'>eluceat,</span> <span class='ocrx_word' id='word_1_40' title='bbox 1228 501 1277 532; x_wconf 88' lang='lat' dir='ltr'>et</span> <span class='ocrx_word' id='word_1_41' title='bbox 1299 504 1406 531; x_wconf 86' lang='lat' dir='ltr'>cum</span> <span class='ocrx_word' id='word_1_42' title='bbox 1427 501 1558 545; x_wconf 86' lang='lat' dir='ltr'>prae-</span> 
     </span>
     <span class='ocr_line' id='line_1_26' title="bbox 324 562 1562 625; baseline -0.002 -17"><span class='ocrx_word' id='word_1_43' title='bbox 324 570 489 625; x_wconf 88' lang='lat' dir='ltr'>ceptis,</span> <span class='ocrx_word' id='word_1_44' title='bbox 523 570 620 609; x_wconf 56' lang='lat' dir='ltr'>nisi*</span> <span class='ocrx_word' id='word_1_45' title='bbox 644 570 693 609; x_wconf 93' lang='lat' dir='ltr'>in</span> <span class='ocrx_word' id='word_1_46' title='bbox 727 568 883 610; x_wconf 88' lang='lat' dir='ltr'>animo</span> <span class='ocrx_word' id='word_1_47' title='bbox 920 568 1029 610; x_wconf 88' lang='lat' dir='ltr'>insit</span> <span class='ocrx_word' id='word_1_48' title='bbox 1064 569 1286 625; x_wconf 81' lang='lat' dir='ltr'>cognitio,</span> <span class='ocrx_word' id='word_1_49' title='bbox 1320 574 1450 607; x_wconf 89' lang='lat' dir='ltr'>recta</span> <span class='ocrx_word' id='word_1_50' title='bbox 1484 562 1562 606; x_wconf 88' lang='lat' dir='ltr'>illa</span> 
     </span>
     <span class='ocr_line' id='line_1_27' title="bbox 272 639 1564 701; baseline -0.004 -17"><span class='ocrx_word' id='word_1_51' title='bbox 272 656 427 685; x_wconf 84' lang='lat' dir='ltr'>·-esse</span> <span class='ocrx_word' id='word_1_52' title='bbox 463 653 509 683; x_wconf 92' lang='lat' dir='ltr'>et</span> <span class='ocrx_word' id='word_1_53' title='bbox 543 646 825 693; x_wconf 88' lang='lat' dir='ltr'>necessaria,</span> <span class='ocrx_word' id='word_1_54' title='bbox 877 641 994 684; x_wconf 87' lang='lat' dir='ltr'>nihil</span> <span class='ocrx_word' id='word_1_55' title='bbox 1037 642 1316 701; x_wconf 83' lang='lat' dir='ltr'>perficiatur.</span> <span class='ocrx_word' id='word_1_56' title='bbox 1384 639 1564 682; x_wconf 80' lang='lat' dir='ltr'>Seneca</span> 
     </span>
     <span class='ocr_line' id='line_1_28' title="bbox 322 716 1566 776; baseline -0.002 -18"><span class='ocrx_word' id='word_1_57' title='bbox 322 732 434 759; x_wconf 87' lang='lat' dir='ltr'>vero</span> <span class='ocrx_word' id='word_1_58' title='bbox 488 721 587 775; x_wconf 90' lang='lat' dir='ltr'>ipse</span> <span class='ocrx_word' id='word_1_59' title='bbox 631 716 690 760; x_wconf 91' lang='lat' dir='ltr'>de</span> <span class='ocrx_word' id='word_1_60' title='bbox 731 733 780 760; x_wconf 88' lang='lat' dir='ltr'>re</span> <span class='ocrx_word' id='word_1_61' title='bbox 833 722 1076 776; x_wconf 87' lang='lat' dir='ltr'>proposita</span> <span class='ocrx_word' id='word_1_62' title='bbox 1117 722 1182 760; x_wconf 90' lang='lat' dir='ltr'>ita</span> <span class='ocrx_word' id='word_1_63' title='bbox 1226 717 1454 775; x_wconf 85' lang='lat' dir='ltr'>disputat,</span> <span class='ocrx_word' id='word_1_64' title='bbox 1513 724 1566 756; x_wconf 86' lang='lat' dir='ltr'>ut</span> 
     </span>
     <span class='ocr_line' id='line_1_29' title="bbox 320 790 1565 851; baseline -0.002 -18"><span class='ocrx_word' id='word_1_65' title='bbox 320 790 672 850; x_wconf 86' lang='lat' dir='ltr'>philosophiam</span> <span class='ocrx_word' id='word_1_66' title='bbox 708 797 1078 851; x_wconf 84' lang='lat' dir='ltr'>praeceptivam,</span> <span class='ocrx_word' id='word_1_67' title='bbox 1113 793 1149 835; x_wconf 89' lang='lat' dir='ltr'>si</span> <span class='ocrx_word' id='word_1_68' title='bbox 1185 791 1245 835; x_wconf 87' lang='lat' dir='ltr'>ad</span> <span class='ocrx_word' id='word_1_69' title='bbox 1278 795 1369 834; x_wconf 83' lang='lat' dir='ltr'>vim</span> <span class='ocrx_word' id='word_1_70' title='bbox 1405 800 1452 833; x_wconf 92' lang='lat' dir='ltr'>et</span> <span class='ocrx_word' id='word_1_71' title='bbox 1487 804 1565 832; x_wconf 88' lang='lat' dir='ltr'>au-</span> 
     </span>
     <span class='ocr_line' id='line_1_30' title="bbox 301 859 1567 927; baseline -0.002 -18"><span class='ocrx_word' id='word_1_72' title='bbox 301 891 305 894; x_wconf 90' lang='lat'><strong>·</strong></span> <span class='ocrx_word' id='word_1_73' title='bbox 327 859 599 910; x_wconf 80' lang='lat' dir='ltr'>ctoritatem</span> <span class='ocrx_word' id='word_1_74' title='bbox 613 869 928 927; x_wconf 81' lang='lat' dir='ltr'>respiciamus,</span> <span class='ocrx_word' id='word_1_75' title='bbox 957 883 1095 927; x_wconf 83' lang='lat' dir='ltr'>quain</span> <span class='ocrx_word' id='word_1_76' title='bbox 1110 871 1159 910; x_wconf 89' lang='lat' dir='ltr'>in</span> <span class='ocrx_word' id='word_1_77' title='bbox 1170 868 1264 910; x_wconf 86' lang='lat' dir='ltr'>vita</span> <span class='ocrx_word' id='word_1_78' title='bbox 1277 862 1567 910; x_wconf 75' lang='lat' dir='ltr'>moderanda</span> 
     </span>
     <span class='ocr_line' id='line_1_31' title="bbox 325 939 1567 1001; baseline -0.002 -16"><span class='ocrx_word' id='word_1_79' title='bbox 325 943 570 993; x_wconf 78' lang='lat' dir='ltr'>exhibeat,</span> <span class='ocrx_word' id='word_1_80' title='bbox 622 957 723 985; x_wconf 88' lang='lat' dir='ltr'>non</span> <span class='ocrx_word' id='word_1_81' title='bbox 758 958 1092 1001; x_wconf 86' lang='lat' dir='ltr'>supervacuam</span> <span class='ocrx_word' id='word_1_82' title='bbox 1133 942 1323 1000; x_wconf 84' lang='lat' dir='ltr'>quidem</span> <span class='ocrx_word' id='word_1_83' title='bbox 1365 956 1465 984; x_wconf 82' lang='lat' dir='ltr'>esse</span> <span class='ocrx_word' id='word_1_84' title='bbox 1500 939 1567 983; x_wconf 88' lang='lat' dir='ltr'>di-</span> 
     </span>
     <span class='ocr_line' id='line_1_32' title="bbox 326 1012 1568 1075; baseline -0.002 -15"><span class='ocrx_word' id='word_1_85' title='bbox 326 1029 428 1070; x_wconf 90' lang='lat' dir='ltr'>cat,</span> <span class='ocrx_word' id='word_1_86' title='bbox 481 1016 562 1060; x_wconf 88' lang='lat' dir='ltr'>sed</span> <span class='ocrx_word' id='word_1_87' title='bbox 585 1012 662 1070; x_wconf 79' lang='lat'>²3&gt;</span> <span class='ocrx_word' id='word_1_88' title='bbox 699 1017 898 1062; x_wconf 87' lang='lat' dir='ltr'>eandem</span> <span class='ocrx_word' id='word_1_89' title='bbox 941 1017 999 1062; x_wconf 89' lang='lat' dir='ltr'>ad</span> <span class='ocrx_word' id='word_1_90' title='bbox 1044 1015 1463 1075; x_wconf 61' lang='lat' dir='ltr'>consummandam</span> <span class='ocrx_word' id='word_1_91' title='bbox 1497 1030 1568 1059; x_wconf 92' lang='lat' dir='ltr'>sa-</span> 
     </span>
     <span class='ocr_line' id='line_1_33' title="bbox 324 1092 1569 1151; baseline -0.002 -17"><span class='ocrx_word' id='word_1_92' title='bbox 324 1097 557 1151; x_wconf 84' lang='lat' dir='ltr'>pientiam</span> <span class='ocrx_word' id='word_1_93' title='bbox 602 1108 702 1134; x_wconf 90' lang='lat' dir='ltr'>non</span> <span class='ocrx_word' id='word_1_94' title='bbox 745 1098 854 1136; x_wconf 87' lang='lat' dir='ltr'>satis</span> <span class='ocrx_word' id='word_1_95' title='bbox 876 1094 1044 1136; x_wconf 84' lang='lat' dir='ltr'>.valere</span> <span class='ocrx_word' id='word_1_96' title='bbox 1080 1092 1365 1144; x_wconf 88' lang='lat' dir='ltr'>contendat,</span> <span class='ocrx_word' id='word_1_97' title='bbox 1416 1095 1481 1133; x_wconf 88' lang='lat' dir='ltr'>ita</span> <span class='ocrx_word' id='word_1_98' title='bbox 1516 1100 1569 1132; x_wconf 86' lang='lat' dir='ltr'>ut</span> 
     </span>
     <span class='ocr_line' id='line_1_34' title="bbox 325 1166 1570 1226; baseline -0.002 -15"><span class='ocrx_word' id='word_1_99' title='bbox 325 1172 540 1211; x_wconf 83' lang='lat' dir='ltr'>actiones</span> <span class='ocrx_word' id='word_1_100' title='bbox 593 1166 823 1211; x_wconf 82' lang='lat' dir='ltr'>honestae</span> <span class='ocrx_word' id='word_1_101' title='bbox 878 1180 924 1210; x_wconf 85' lang='lat' dir='ltr'>et</span> <span class='ocrx_word' id='word_1_102' title='bbox 976 1172 1241 1226; x_wconf 87' lang='lat' dir='ltr'>praeceptis</span> <span class='ocrx_word' id='word_1_103' title='bbox 1282 1168 1419 1218; x_wconf 88' lang='lat' dir='ltr'>fiant,</span> <span class='ocrx_word' id='word_1_104' title='bbox 1469 1181 1570 1209; x_wconf 89' lang='lat' dir='ltr'>non</span> 
     </span>
     <span class='ocr_line' id='line_1_35' title="bbox 323 1241 1569 1299; baseline -0.002 -15"><span class='ocrx_word' id='word_1_105' title='bbox 323 1253 512 1284; x_wconf 82' lang='lat' dir='ltr'>tantum</span> <span class='ocrx_word' id='word_1_106' title='bbox 548 1241 925 1299; x_wconf 71' lang='lat' dir='ltr'>praecepti524).</span> <span class='ocrx_word' id='word_1_107' title='bbox 970 1244 1102 1282; x_wconf 89' lang='lat' dir='ltr'>Haec</span> <span class='ocrx_word' id='word_1_108' title='bbox 1137 1257 1248 1284; x_wconf 90' lang='lat' dir='ltr'>vero</span> <span class='ocrx_word' id='word_1_109' title='bbox 1285 1245 1443 1284; x_wconf 86' lang='lat' dir='ltr'>omnia</span> <span class='ocrx_word' id='word_1_110' title='bbox 1475 1244 1569 1297; x_wconf 81' lang='lat' dir='ltr'>jam</span> 
     </span>
     <span class='ocr_line' id='line_1_36' title="bbox 323 1315 1570 1374; baseline 0 -16"><span class='ocrx_word' id='word_1_111' title='bbox 323 1318 473 1374; x_wconf 75' lang='lat' dir='ltr'>:magis</span> <span class='ocrx_word' id='word_1_112' title='bbox 518 1331 544 1357; x_wconf 89' lang='lat' dir='ltr'>a</span> <span class='ocrx_word' id='word_1_113' title='bbox 587 1315 889 1374; x_wconf 84' lang='lat' dir='ltr'>philosophia</span> <span class='ocrx_word' id='word_1_114' title='bbox 940 1319 1000 1359; x_wconf 82' lang='lat' dir='ltr'>ad</span> <span class='ocrx_word' id='word_1_115' title='bbox 1051 1330 1228 1358; x_wconf 86' lang='lat' dir='ltr'>meram</span> <span class='ocrx_word' id='word_1_116' title='bbox 1269 1316 1570 1374; x_wconf 87' lang='lat' dir='ltr'>prudentiam</span> 
     </span>
     <span class='ocr_line' id='line_1_37' title="bbox 326 1390 1569 1449; baseline -0.002 -13"><span class='ocrx_word' id='word_1_117' title='bbox 326 1390 583 1443; x_wconf 83' lang='lat' dir='ltr'>recedunt,</span> <span class='ocrx_word' id='word_1_118' title='bbox 630 1405 721 1447; x_wconf 88' lang='lat' dir='ltr'>qua</span> <span class='ocrx_word' id='word_1_119' title='bbox 753 1393 955 1447; x_wconf 89' lang='lat' dir='ltr'>impetus</span> <span class='ocrx_word' id='word_1_120' title='bbox 983 1401 1169 1433; x_wconf 88' lang='lat' dir='ltr'>nostros</span> <span class='ocrx_word' id='word_1_121' title='bbox 1190 1391 1482 1449; x_wconf 85' lang='lat' dir='ltr'>aliorumque</span> <span class='ocrx_word' id='word_1_122' title='bbox 1499 1406 1569 1434; x_wconf 93' lang='lat' dir='ltr'>re-</span> 
     </span>
     <span class='ocr_line' id='line_1_38' title="bbox 324 1464 1568 1526; baseline 0 -18"><span class='ocrx_word' id='word_1_123' title='bbox 324 1468 533 1526; x_wconf 83' lang='lat' dir='ltr'>primere</span> <span class='ocrx_word' id='word_1_124' title='bbox 569 1464 835 1507; x_wconf 80' lang='lat' dir='ltr'>debeamus.</span> <span class='ocrx_word' id='word_1_125' title='bbox 880 1494 883 1496; x_wconf 87' lang='lat'><em>-</em></span> <span class='ocrx_word' id='word_1_126' title='bbox 920 1464 1140 1523; x_wconf 87' lang='lat' dir='ltr'>Superest</span> <span class='ocrx_word' id='word_1_127' title='bbox 1174 1477 1334 1509; x_wconf 87' lang='lat' dir='ltr'>tamen</span> <span class='ocrx_word' id='word_1_128' title='bbox 1370 1466 1568 1509; x_wconf 83' lang='lat' dir='ltr'>alterum</span> 
     </span>
     <span class='ocr_line' id='line_1_39' title="bbox 329 1538 1569 1601; baseline 0.001 -16"><span class='ocrx_word' id='word_1_129' title='bbox 329 1540 583 1601; x_wconf 80' lang='lat' dir='ltr'>quoddam,</span> <span class='ocrx_word' id='word_1_130' title='bbox 616 1538 744 1598; x_wconf 80' lang='lat' dir='ltr'>quod</span> <span class='ocrx_word' id='word_1_131' title='bbox 779 1554 1023 1598; x_wconf 86' lang='lat' dir='ltr'>supremae</span> <span class='ocrx_word' id='word_1_132' title='bbox 1059 1539 1388 1599; x_wconf 80' lang='lat' dir='ltr'>disputationis</span> <span class='ocrx_word' id='word_1_133' title='bbox 1424 1552 1569 1585; x_wconf 88' lang='lat' dir='ltr'>mate-</span> 
     </span>
     <span class='ocr_line' id='line_1_40' title="bbox 304 1614 1569 1677; baseline -0.001 -16"><span class='ocrx_word' id='word_1_134' title='bbox 304 1618 715 1675; x_wconf 21' lang='lat' dir='ltr'>,riamfpraebean</span> <span class='ocrx_word' id='word_1_135' title='bbox 750 1614 1002 1673; x_wconf 72' lang='lat' dir='ltr'>quod‘nec</span> <span class='ocrx_word' id='word_1_136' title='bbox 1036 1619 1349 1675; x_wconf 84' lang='lat' dir='ltr'>praetermitti</span> <span class='ocrx_word' id='word_1_137' title='bbox 1381 1627 1569 1677; x_wconf 88' lang='lat' dir='ltr'>poterat</span> 
     </span>
     <span class='ocr_line' id='line_1_41' title="bbox 310 1677 1568 1753; baseline -0.001 -16"><span class='ocrx_word' id='word_1_138' title='bbox 310 1708 419 1744; x_wconf 73' lang='lat' dir='ltr'>⁴nec</span> <span class='ocrx_word' id='word_1_139' title='bbox 461 1694 628 1748; x_wconf 85' lang='lat' dir='ltr'>injuria</span> <span class='ocrx_word' id='word_1_140' title='bbox 670 1692 748 1734; x_wconf 78' lang='lat' dir='ltr'>hie</span> <span class='ocrx_word' id='word_1_141' title='bbox 791 1677 951 1740; x_wconf 28' lang='lat' dir='ltr'>loc-um</span> <span class='ocrx_word' id='word_1_142' title='bbox 986 1706 1119 1734; x_wconf 91' lang='lat' dir='ltr'>suum</span> <span class='ocrx_word' id='word_1_143' title='bbox 1152 1692 1408 1746; x_wconf 84' lang='lat' dir='ltr'>obtinebit,</span> <span class='ocrx_word' id='word_1_144' title='bbox 1459 1698 1568 1753; x_wconf 85' lang='lat' dir='ltr'>quia</span> 
     </span>
     <span class='ocr_line' id='line_1_42' title="bbox 328 1765 1567 1827; baseline 0.002 -17"><span class='ocrx_word' id='word_1_145' title='bbox 328 1779 458 1819; x_wconf 69' lang='lat' dir='ltr'>certe</span> <span class='ocrx_word' id='word_1_146' title='bbox 492 1767 601 1809; x_wconf 87' lang='lat' dir='ltr'>huic</span> <span class='ocrx_word' id='word_1_147' title='bbox 634 1765 969 1826; x_wconf 85' lang='lat' dir='ltr'>philosophiae</span> <span class='ocrx_word' id='word_1_148' title='bbox 1003 1771 1125 1825; x_wconf 76' lang='lat' dir='ltr'>parti</span> <span class='ocrx_word' id='word_1_149' title='bbox 1156 1772 1383 1827; x_wconf 73' lang='lat' dir='ltr'>originem</span> <span class='ocrx_word' id='word_1_150' title='bbox 1414 1767 1567 1822; x_wconf 82' lang='lat' dir='ltr'>debet,</span> 
     </span>
     <span class='ocr_line' id='line_1_43' title="bbox 327 1843 1570 1903; baseline 0.002 -18"><span class='ocrx_word' id='word_1_151' title='bbox 327 1843 538 1903; x_wconf 85' lang='lat' dir='ltr'>quamvis</span> <span class='ocrx_word' id='word_1_152' title='bbox 579 1847 721 1884; x_wconf 88' lang='lat' dir='ltr'>etiam</span> <span class='ocrx_word' id='word_1_153' title='bbox 763 1858 863 1885; x_wconf 86' lang='lat' dir='ltr'>non</span> <span class='ocrx_word' id='word_1_154' title='bbox 902 1846 1066 1901; x_wconf 82' lang='lat' dir='ltr'>inepte</span> <span class='ocrx_word' id='word_1_155' title='bbox 1109 1845 1339 1901; x_wconf 86' lang='lat' dir='ltr'>prioribus</span> <span class='ocrx_word' id='word_1_156' title='bbox 1383 1843 1570 1887; x_wconf 88' lang='lat' dir='ltr'>adnecti</span> 
     </span>
     <span class='ocr_line' id='line_1_44' title="bbox 325 1917 1564 1978; baseline 0.003 -18"><span class='ocrx_word' id='word_1_157' title='bbox 325 1922 583 1978; x_wconf 84' lang='lat' dir='ltr'>potuisset,</span> <span class='ocrx_word' id='word_1_158' title='bbox 620 1917 799 1960; x_wconf 86' lang='lat' dir='ltr'>scilicet</span> <span class='ocrx_word' id='word_1_159' title='bbox 829 1932 907 1969; x_wconf 87' lang='lat' dir='ltr'>ea,</span> <span class='ocrx_word' id='word_1_160' title='bbox 944 1932 1064 1977; x_wconf 86' lang='lat' dir='ltr'>quae</span> <span class='ocrx_word' id='word_1_161' title='bbox 1095 1920 1340 1967; x_wconf 84' lang='lat' dir='ltr'>Stoiciset</span> <span class='ocrx_word' id='word_1_162' title='bbox 1361 1919 1564 1964; x_wconf 88' lang='lat' dir='ltr'>Senecae</span> 
     </span>
     <span class='ocr_line' id='line_1_45' title="bbox 329 1992 1264 2050; baseline -0.001 -13"><span class='ocrx_word' id='word_1_163' title='bbox 329 1992 389 2037; x_wconf 90' lang='lat' dir='ltr'>de</span> <span class='ocrx_word' id='word_1_164' title='bbox 425 2003 579 2037; x_wconf 88' lang='lat' dir='ltr'>morte</span> <span class='ocrx_word' id='word_1_165' title='bbox 621 1992 886 2036; x_wconf 84' lang='lat' dir='ltr'>voluntaria</span> <span class='ocrx_word' id='word_1_166' title='bbox 930 1993 1208 2050; x_wconf 85' lang='lat' dir='ltr'>placuerint.</span> <span class='ocrx_word' id='word_1_167' title='bbox 1259 2034 1264 2039; x_wconf 77' lang='grc'><strong>,</strong></span> 
     </span>
     <span class='ocr_line' id='line_1_46' title="bbox 462 2068 1564 2130; baseline 0.003 -19"><span class='ocrx_word' id='word_1_168' title='bbox 462 2068 832 2125; x_wconf 88' lang='lat' dir='ltr'>Comprobatam</span> <span class='ocrx_word' id='word_1_169' title='bbox 878 2083 976 2114; x_wconf 87' lang='lat' dir='ltr'>esse</span> <span class='ocrx_word' id='word_1_170' title='bbox 1021 2080 1222 2129; x_wconf 78' lang='lat' dir='ltr'>mortem</span> <span class='ocrx_word' id='word_1_171' title='bbox 1252 2071 1564 2130; x_wconf 61' lang='lat' dir='ltr'>yoluntariam</span> 
     </span>
     <span class='ocr_line' id='line_1_47' title="bbox 329 2144 1565 2208; baseline -0.001 -19"><span class='ocrx_word' id='word_1_172' title='bbox 329 2160 356 2189; x_wconf 90' lang='lat' dir='ltr'>a</span> <span class='ocrx_word' id='word_1_173' title='bbox 392 2144 560 2188; x_wconf 84' lang='lat' dir='ltr'>Stoicis</span> <span class='ocrx_word' id='word_1_174' title='bbox 595 2158 697 2185; x_wconf 89' lang='lat' dir='ltr'>non</span> <span class='ocrx_word' id='word_1_175' title='bbox 731 2147 882 2189; x_wconf 86' lang='lat' dir='ltr'>minus</span> <span class='ocrx_word' id='word_1_176' title='bbox 925 2159 1064 2203; x_wconf 85' lang='lat' dir='ltr'>quam</span> <span class='ocrx_word' id='word_1_177' title='bbox 1100 2159 1126 2188; x_wconf 86' lang='lat' dir='ltr'>a</span> <span class='ocrx_word' id='word_1_178' title='bbox 1161 2145 1362 2201; x_wconf 81' lang='lat' dir='ltr'>Seneca,</span> <span class='ocrx_word' id='word_1_179' title='bbox 1410 2160 1565 2208; x_wconf 85' lang='lat' dir='ltr'>neque</span> 
     </span>
    </p>
   </div>
   <div class='ocr_carea' id='block_1_6' title="bbox 523 2248 720 2256">
    <p class='ocr_par' dir='ltr' id='par_1_6' title="bbox 523 2248 720 2256">
     <span class='ocr_line' id='line_1_48' title="bbox 523 2248 720 2256; baseline 0 642"><span class='ocrx_word' id='word_1_180' title='bbox 523 2248 720 2256; x_wconf 95' lang='lat' dir='ltr'> </span> 
     </span>
    </p>
   </div>
   <div class='ocr_carea' id='block_1_7' title="bbox 329 2249 519 2257">
    <p class='ocr_par' dir='ltr' id='par_1_7' title="bbox 329 2249 519 2257">
     <span class='ocr_line' id='line_1_49' title="bbox 329 2249 519 2257; baseline 0 641"><span class='ocrx_word' id='word_1_181' title='bbox 329 2249 519 2257; x_wconf 95' lang='lat' dir='ltr'> </span> 
     </span>
    </p>
   </div>
   <div class='ocr_carea' id='block_1_8' title="bbox 412 2291 742 2388">
    <p class='ocr_par' dir='ltr' id='par_1_8' title="bbox 412 2291 742 2388">
     <span class='ocr_line' id='line_1_50' title="bbox 412 2291 742 2333; baseline 0.003 -11"><span class='ocrx_word' id='word_1_182' title='bbox 412 2291 480 2330; x_wconf 52' lang='grc' dir='ltr'>ες)</span> <span class='ocrx_word' id='word_1_183' title='bbox 505 2291 566 2333; x_wconf 80' lang='lat' dir='ltr'>Ep.</span> <span class='ocrx_word' id='word_1_184' title='bbox 589 2293 643 2326; x_wconf 83' lang='lat'>95.</span> <span class='ocrx_word' id='word_1_185' title='bbox 669 2292 742 2327; x_wconf 83' lang='lat' dir='ltr'>init.</span> 
     </span>
     <span class='ocr_line' id='line_1_51' title="bbox 413 2343 723 2388; baseline 0.003 -11"><span class='ocrx_word' id='word_1_186' title='bbox 413 2343 481 2387; x_wconf 73' lang='lat'>24)</span> <span class='ocrx_word' id='word_1_187' title='bbox 505 2345 543 2378; x_wconf 90' lang='lat' dir='ltr'>L.</span> <span class='ocrx_word' id='word_1_188' title='bbox 569 2344 591 2379; x_wconf 74' lang='lat' dir='ltr'>l.</span> <span class='ocrx_word' id='word_1_189' title='bbox 615 2357 649 2388; x_wconf 77' lang='lat' dir='ltr'>p.</span> <span class='ocrx_word' id='word_1_190' title='bbox 673 2348 723 2379; x_wconf 82' lang='lat'>58.</span> 
     </span>
    </p>
   </div>
  </div>
 </body>
</html>
